DateTime,Bid,Ask,Volume
2024-01-08 00:00:00,23.11915,23.12146,1
2024-01-08 00:00:06,23.11741,23.11972,8
2024-01-08 00:00:12,23.11867,23.12098,5
2024-01-08 00:00:18,23.11749,23.1198,7
2024-01-08 00:00:24,23.11806,23.12037,9
2024-01-08 00:00:30,23.12057,23.12289,3
2024-01-08 00:00:36,23.11673,23.11904,8
2024-01-08 00:00:42,23.12005,23.12236,2
2024-01-08 00:00:48,23.11874,23.12105,8
2024-01-08 00:00:54,23.11636,23.11867,7
2024-01-08 00:01:00,23.11766,23.11997,4
2024-01-08 00:01:06,23.11807,23.12038,5
2024-01-08 00:01:12,23.11873,23.12104,8
2024-01-08 00:01:18,23.11946,23.12177,5
2024-01-08 00:01:24,23.11783,23.12014,2
2024-01-08 00:01:30,23.11764,23.11995,8
2024-01-08 00:01:36,23.11945,23.12176,3
2024-01-08 00:01:42,23.11832,23.12063,2
2024-01-08 00:01:48,23.11951,23.12183,2
2024-01-08 00:01:54,23.11919,23.1215,1
2024-01-08 00:02:00,23.11982,23.12213,9
2024-01-08 00:02:06,23.12239,23.12471,1
2024-01-08 00:02:12,23.11692,23.11923,4
2024-01-08 00:02:18,23.12014,23.12245,3
2024-01-08 00:02:24,23.11924,23.12156,3
2024-01-08 00:02:30,23.11918,23.12149,5
2024-01-08 00:02:36,23.11555,23.11786,1
2024-01-08 00:02:42,23.11957,23.12188,7
2024-01-08 00:02:48,23.11897,23.12129,9
2024-01-08 00:02:54,23.11786,23.12017,8
2024-01-08 00:03:00,23.11908,23.12139,6
2024-01-08 00:03:06,23.11909,23.12141,5
2024-01-08 00:03:12,23.12055,23.12287,4
2024-01-08 00:03:18,23.11846,23.12078,8
2024-01-08 00:03:24,23.11888,23.12119,8
2024-01-08 00:03:30,23.11823,23.12054,9
2024-01-08 00:03:36,23.11786,23.12017,6
2024-01-08 00:03:42,23.11642,23.11873,7
2024-01-08 00:03:48,23.11953,23.12184,8
2024-01-08 00:03:54,23.1185,23.12081,9
2024-01-08 00:04:00,23.11895,23.12126,2
2024-01-08 00:04:06,23.11994,23.12225,9
2024-01-08 00:04:12,23.11837,23.12068,2
2024-01-08 00:04:18,23.11845,23.12076,6
2024-01-08 00:04:24,23.11825,23.12056,6
2024-01-08 00:04:30,23.11678,23.11909,6
2024-01-08 00:04:36,23.11758,23.11989,2
2024-01-08 00:04:42,23.11911,23.12142,7
2024-01-08 00:04:48,23.1175,23.11981,4
2024-01-08 00:04:54,23.12033,23.12264,4
2024-01-08 00:05:00,23.11787,23.12018,2
2024-01-08 00:05:06,23.12019,23.1225,1
2024-01-08 00:05:12,23.11809,23.1204,9
2024-01-08 00:05:18,23.11734,23.11965,9
2024-01-08 00:05:24,23.12003,23.12235,5
2024-01-08 00:05:30,23.1187,23.12101,7
2024-01-08 00:05:36,23.11612,23.11843,4
2024-01-08 00:05:42,23.11745,23.11976,5
2024-01-08 00:05:48,23.11864,23.12096,7
2024-01-08 00:05:54,23.11774,23.12005,8
2024-01-08 00:06:00,23.11904,23.12136,7
2024-01-08 00:06:06,23.12016,23.12247,9
2024-01-08 00:06:12,23.11851,23.12082,7
2024-01-08 00:06:18,23.1168,23.11911,8
2024-01-08 00:06:24,23.11812,23.12043,2
2024-01-08 00:06:30,23.1199,23.12222,2
2024-01-08 00:06:36,23.1187,23.12101,8
2024-01-08 00:06:42,23.11724,23.11955,6
2024-01-08 00:06:48,23.11757,23.11988,9
2024-01-08 00:06:54,23.11952,23.12183,9
2024-01-08 00:07:00,23.11923,23.12154,9
2024-01-08 00:07:06,23.11907,23.12138,4
2024-01-08 00:07:12,23.11812,23.12043,1
2024-01-08 00:07:18,23.11668,23.11899,6
2024-01-08 00:07:24,23.11843,23.12074,5
2024-01-08 00:07:30,23.11696,23.11927,8
2024-01-08 00:07:36,23.11863,23.12095,5
2024-01-08 00:07:42,23.11947,23.12179,3
2024-01-08 00:07:48,23.11804,23.12035,8
2024-01-08 00:07:54,23.11881,23.12113,5
2024-01-08 00:08:00,23.11896,23.12127,2
2024-01-08 00:08:06,23.11834,23.12065,4
2024-01-08 00:08:12,23.11963,23.12194,3
2024-01-08 00:08:18,23.11824,23.12055,1
2024-01-08 00:08:24,23.11962,23.12194,3
2024-01-08 00:08:30,23.11725,23.11956,9
2024-01-08 00:08:36,23.11745,23.11977,7
2024-01-08 00:08:42,23.11855,23.12086,8
2024-01-08 00:08:48,23.1186,23.12091,9
2024-01-08 00:08:54,23.1191,23.12142,9
2024-01-08 00:09:00,23.11677,23.11908,9
2024-01-08 00:09:06,23.1176,23.11991,6
2024-01-08 00:09:12,23.11787,23.12018,3
2024-01-08 00:09:18,23.11577,23.11808,7
2024-01-08 00:09:24,23.11889,23.1212,7
2024-01-08 00:09:30,23.11601,23.11832,9
2024-01-08 00:09:36,23.11754,23.11985,1
2024-01-08 00:09:42,23.11913,23.12144,8
2024-01-08 00:09:48,23.11795,23.12026,7
2024-01-08 00:09:54,23.11931,23.12163,7
2024-01-08 00:10:00,23.1168,23.11911,4
2024-01-08 00:10:06,23.11837,23.12068,6
2024-01-08 00:10:12,23.11839,23.1207,7
2024-01-08 00:10:18,23.11806,23.12037,1
2024-01-08 00:10:24,23.11729,23.1196,1
2024-01-08 00:10:30,23.12021,23.12252,9
2024-01-08 00:10:36,23.1197,23.12201,5
2024-01-08 00:10:42,23.11668,23.11899,9
2024-01-08 00:10:48,23.11538,23.11769,7
2024-01-08 00:10:54,23.11818,23.1205,6
2024-01-08 00:11:00,23.11744,23.11975,6
2024-01-08 00:11:06,23.11794,23.12025,1
2024-01-08 00:11:12,23.11744,23.11975,3
2024-01-08 00:11:18,23.11897,23.12129,1
2024-01-08 00:11:24,23.11942,23.12174,8
2024-01-08 00:11:30,23.11655,23.11887,7
2024-01-08 00:11:36,23.1167,23.11901,7
2024-01-08 00:11:42,23.11877,23.12108,5
2024-01-08 00:11:48,23.11789,23.1202,2
2024-01-08 00:11:54,23.11605,23.11836,7
2024-01-08 00:12:00,23.11664,23.11895,8
2024-01-08 00:12:06,23.11966,23.12197,6
2024-01-08 00:12:12,23.1176,23.11991,2
2024-01-08 00:12:18,23.11833,23.12064,3
2024-01-08 00:12:24,23.11857,23.12088,2
2024-01-08 00:12:30,23.11724,23.11956,6
2024-01-08 00:12:36,23.11763,23.11994,7
2024-01-08 00:12:42,23.11648,23.11879,6
2024-01-08 00:12:48,23.11732,23.11963,4
2024-01-08 00:12:54,23.11952,23.12183,8
2024-01-08 00:13:00,23.11722,23.11953,7
2024-01-08 00:13:06,23.11413,23.11644,6
2024-01-08 00:13:12,23.11753,23.11984,2
2024-01-08 00:13:18,23.1176,23.11991,8
2024-01-08 00:13:24,23.11846,23.12077,1
2024-01-08 00:13:30,23.11919,23.12151,8
2024-01-08 00:13:36,23.11753,23.11984,1
2024-01-08 00:13:42,23.11797,23.12029,6
2024-01-08 00:13:48,23.11767,23.11998,8
2024-01-08 00:13:54,23.1134,23.11571,2
2024-01-08 00:14:00,23.11812,23.12043,9
2024-01-08 00:14:06,23.11809,23.1204,4
2024-01-08 00:14:12,23.11626,23.11858,1
2024-01-08 00:14:18,23.11704,23.11935,4
2024-01-08 00:14:24,23.1165,23.11881,8
2024-01-08 00:14:30,23.11539,23.11771,9
2024-01-08 00:14:36,23.11514,23.11745,2
2024-01-08 00:14:42,23.11664,23.11895,7
2024-01-08 00:14:48,23.11756,23.11987,8
2024-01-08 00:14:54,23.11803,23.12035,6
2024-01-08 00:15:00,23.11692,23.11923,4
2024-01-08 00:15:06,23.11686,23.11918,3
2024-01-08 00:15:12,23.11903,23.12134,6
2024-01-08 00:15:18,23.11689,23.11921,3
2024-01-08 00:15:24,23.11606,23.11837,8
2024-01-08 00:15:30,23.11743,23.11974,8
2024-01-08 00:15:36,23.11819,23.12051,3
2024-01-08 00:15:42,23.11921,23.12152,7
2024-01-08 00:15:48,23.11733,23.11964,3
2024-01-08 00:15:54,23.11766,23.11997,4
2024-01-08 00:16:00,23.11724,23.11955,3
2024-01-08 00:16:06,23.11824,23.12056,4
2024-01-08 00:16:12,23.11808,23.12039,3
2024-01-08 00:16:18,23.11914,23.12145,6
2024-01-08 00:16:24,23.11648,23.1188,6
2024-01-08 00:16:30,23.11753,23.11984,7
2024-01-08 00:16:36,23.11844,23.12075,7
2024-01-08 00:16:42,23.11785,23.12017,7
2024-01-08 00:16:48,23.1179,23.12022,3
2024-01-08 00:16:54,23.11811,23.12042,8
2024-01-08 00:17:00,23.11739,23.1197,8
2024-01-08 00:17:06,23.11798,23.1203,2
2024-01-08 00:17:12,23.11517,23.11748,6
2024-01-08 00:17:18,23.11721,23.11952,6
2024-01-08 00:17:24,23.11666,23.11897,9
2024-01-08 00:17:30,23.11891,23.12123,2
2024-01-08 00:17:36,23.11683,23.11914,1
2024-01-08 00:17:42,23.11822,23.12053,6
2024-01-08 00:17:48,23.11514,23.11746,9
2024-01-08 00:17:54,23.11854,23.12085,1
2024-01-08 00:18:00,23.11694,23.11926,4
2024-01-08 00:18:06,23.11724,23.11955,3
2024-01-08 00:18:12,23.11873,23.12104,1
2024-01-08 00:18:18,23.11812,23.12043,3
2024-01-08 00:18:24,23.1182,23.12051,6
2024-01-08 00:18:30,23.11737,23.11968,1
2024-01-08 00:18:36,23.11763,23.11994,4
2024-01-08 00:18:42,23.11749,23.1198,6
2024-01-08 00:18:48,23.11628,23.11859,2
2024-01-08 00:18:54,23.11737,23.11968,1
2024-01-08 00:19:00,23.1168,23.11911,5
2024-01-08 00:19:06,23.11485,23.11716,1
2024-01-08 00:19:12,23.11567,23.11798,4
2024-01-08 00:19:18,23.11737,23.11968,3
2024-01-08 00:19:24,23.11931,23.12162,3
2024-01-08 00:19:30,23.11695,23.11926,6
2024-01-08 00:19:36,23.11933,23.12164,5
2024-01-08 00:19:42,23.11685,23.11916,4
2024-01-08 00:19:48,23.11715,23.11947,7
2024-01-08 00:19:54,23.11791,23.12023,9
2024-01-08 00:20:00,23.11873,23.12104,5
2024-01-08 00:20:06,23.11636,23.11867,8
2024-01-08 00:20:12,23.11571,23.11803,8
2024-01-08 00:20:18,23.11671,23.11902,8
2024-01-08 00:20:24,23.11829,23.1206,1
2024-01-08 00:20:30,23.11727,23.11958,4
2024-01-08 00:20:36,23.11827,23.12058,5
2024-01-08 00:20:42,23.11681,23.11912,1
2024-01-08 00:20:48,23.11463,23.11695,1
2024-01-08 00:20:54,23.11687,23.11918,8
2024-01-08 00:21:00,23.117,23.11931,4
2024-01-08 00:21:06,23.11552,23.11783,7
2024-01-08 00:21:12,23.11531,23.11762,5
2024-01-08 00:21:18,23.11756,23.11987,8
2024-01-08 00:21:24,23.11805,23.12036,8
2024-01-08 00:21:30,23.11869,23.121,6
2024-01-08 00:21:36,23.11551,23.11782,1
2024-01-08 00:21:42,23.11713,23.11944,4
2024-01-08 00:21:48,23.11699,23.1193,8
2024-01-08 00:21:54,23.1183,23.12061,8
2024-01-08 00:22:00,23.11554,23.11786,8
2024-01-08 00:22:06,23.11733,23.11965,7
2024-01-08 00:22:12,23.11686,23.11918,6
2024-01-08 00:22:18,23.11821,23.12052,8
2024-01-08 00:22:24,23.11561,23.11792,1
2024-01-08 00:22:30,23.11767,23.11999,7
2024-01-08 00:22:36,23.11877,23.12108,9
2024-01-08 00:22:42,23.1162,23.11851,9
2024-01-08 00:22:48,23.1167,23.11901,1
2024-01-08 00:22:54,23.11608,23.11839,6
2024-01-08 00:23:00,23.11449,23.1168,4
2024-01-08 00:23:06,23.11576,23.11808,3
2024-01-08 00:23:12,23.11778,23.12009,2
2024-01-08 00:23:18,23.11876,23.12107,4
2024-01-08 00:23:24,23.11686,23.11917,3
2024-01-08 00:23:30,23.11796,23.12027,2
2024-01-08 00:23:36,23.11698,23.11929,1
2024-01-08 00:23:42,23.11691,23.11923,5
2024-01-08 00:23:48,23.11698,23.11929,1
2024-01-08 00:23:54,23.11508,23.11739,9
2024-01-08 00:24:00,23.11768,23.12,9
2024-01-08 00:24:06,23.11772,23.12004,6
2024-01-08 00:24:12,23.11592,23.11824,8
2024-01-08 00:24:18,23.11482,23.11713,5
2024-01-08 00:24:24,23.11578,23.11809,1
2024-01-08 00:24:30,23.11621,23.11852,4
2024-01-08 00:24:36,23.11806,23.12038,2
2024-01-08 00:24:42,23.11524,23.11755,6
2024-01-08 00:24:48,23.11542,23.11773,8
2024-01-08 00:24:54,23.11688,23.1192,1
2024-01-08 00:25:00,23.11684,23.11915,3
2024-01-08 00:25:06,23.1159,23.11821,4
2024-01-08 00:25:12,23.11658,23.11889,3
2024-01-08 00:25:18,23.11745,23.11976,3
2024-01-08 00:25:24,23.11812,23.12043,9
2024-01-08 00:25:30,23.11626,23.11857,9
2024-01-08 00:25:36,23.11815,23.12046,1
2024-01-08 00:25:42,23.11527,23.11758,6
2024-01-08 00:25:48,23.11705,23.11936,5
2024-01-08 00:25:54,23.11831,23.12062,9
2024-01-08 00:26:00,23.11818,23.12049,3
2024-01-08 00:26:06,23.11555,23.11786,1
2024-01-08 00:26:12,23.1162,23.11851,2
2024-01-08 00:26:18,23.11614,23.11846,5
2024-01-08 00:26:24,23.11349,23.1158,7
2024-01-08 00:26:30,23.11555,23.11786,3
2024-01-08 00:26:36,23.11338,23.11569,1
2024-01-08 00:26:42,23.11904,23.12135,2
2024-01-08 00:26:48,23.11618,23.11849,8
2024-01-08 00:26:54,23.11372,23.11603,4
2024-01-08 00:27:00,23.11478,23.1171,8
2024-01-08 00:27:06,23.11612,23.11843,6
2024-01-08 00:27:12,23.11781,23.12012,4
2024-01-08 00:27:18,23.11444,23.11675,8
2024-01-08 00:27:24,23.11686,23.11918,5
2024-01-08 00:27:30,23.11736,23.11967,3
2024-01-08 00:27:36,23.11502,23.11733,9
2024-01-08 00:27:42,23.11633,23.11864,8
2024-01-08 00:27:48,23.115,23.11731,4
2024-01-08 00:27:54,23.11575,23.11806,2
2024-01-08 00:28:00,23.11686,23.11917,5
2024-01-08 00:28:06,23.11474,23.11705,4
2024-01-08 00:28:12,23.11527,23.11758,7
2024-01-08 00:28:18,23.11436,23.11667,1
2024-01-08 00:28:24,23.11548,23.11779,7
2024-01-08 00:28:30,23.11719,23.1195,9
2024-01-08 00:28:36,23.11783,23.12014,3
2024-01-08 00:28:42,23.118,23.12031,5
2024-01-08 00:28:48,23.11746,23.11977,9
2024-01-08 00:28:54,23.11566,23.11797,9
2024-01-08 00:29:00,23.11591,23.11822,8
2024-01-08 00:29:06,23.11643,23.11874,5
2024-01-08 00:29:12,23.11756,23.11988,9
2024-01-08 00:29:18,23.1159,23.11822,1
2024-01-08 00:29:24,23.11695,23.11926,8
2024-01-08 00:29:30,23.11568,23.11799,5
2024-01-08 00:29:36,23.11485,23.11716,3
2024-01-08 00:29:42,23.11657,23.11888,9
2024-01-08 00:29:48,23.11446,23.11678,3
2024-01-08 00:29:54,23.11655,23.11886,1
2024-01-08 00:30:00,23.11433,23.11664,1
2024-01-08 00:30:06,23.11655,23.11886,1
2024-01-08 00:30:12,23.11635,23.11866,3
2024-01-08 00:30:18,23.1134,23.11571,5
2024-01-08 00:30:24,23.11469,23.11701,7
2024-01-08 00:30:30,23.11567,23.11798,7
2024-01-08 00:30:36,23.11571,23.11802,5
2024-01-08 00:30:42,23.11655,23.11886,3
2024-01-08 00:30:48,23.11683,23.11914,8
2024-01-08 00:30:54,23.11383,23.11614,5
2024-01-08 00:31:00,23.11485,23.11716,1
2024-01-08 00:31:06,23.11728,23.1196,8
2024-01-08 00:31:12,23.1165,23.11881,1
2024-01-08 00:31:18,23.1144,23.11671,4
2024-01-08 00:31:24,23.11327,23.11558,4
2024-01-08 00:31:30,23.11605,23.11837,6
2024-01-08 00:31:36,23.11599,23.1183,3
2024-01-08 00:31:42,23.11466,23.11697,4
2024-01-08 00:31:48,23.11487,23.11718,2
2024-01-08 00:31:54,23.1143,23.11662,1
2024-01-08 00:32:00,23.11471,23.11703,1
2024-01-08 00:32:06,23.11791,23.12022,3
2024-01-08 00:32:12,23.11577,23.11808,2
2024-01-08 00:32:18,23.11538,23.11769,6
2024-01-08 00:32:24,23.11811,23.12042,6
2024-01-08 00:32:30,23.11796,23.12028,8
2024-01-08 00:32:36,23.11594,23.11825,3
2024-01-08 00:32:42,23.11424,23.11655,2
2024-01-08 00:32:48,23.11569,23.11801,7
2024-01-08 00:32:54,23.11573,23.11804,3
2024-01-08 00:33:00,23.11551,23.11782,5
2024-01-08 00:33:06,23.11579,23.1181,2
2024-01-08 00:33:12,23.1164,23.11872,9
2024-01-08 00:33:18,23.11747,23.11978,8
2024-01-08 00:33:24,23.11531,23.11762,3
2024-01-08 00:33:30,23.1152,23.11751,9
2024-01-08 00:33:36,23.11567,23.11798,1
2024-01-08 00:33:42,23.11639,23.1187,4
2024-01-08 00:33:48,23.11498,23.1173,4
2024-01-08 00:33:54,23.117,23.11931,5
2024-01-08 00:34:00,23.11463,23.11695,3
2024-01-08 00:34:06,23.11512,23.11743,1
2024-01-08 00:34:12,23.11759,23.11991,1
2024-01-08 00:34:18,23.11505,23.11736,1
2024-01-08 00:34:24,23.11618,23.11849,8
2024-01-08 00:34:30,23.11516,23.11748,3
2024-01-08 00:34:36,23.11739,23.11971,4
2024-01-08 00:34:42,23.11554,23.11785,7
2024-01-08 00:34:48,23.11571,23.11802,7
2024-01-08 00:34:54,23.11471,23.11702,8
2024-01-08 00:35:00,23.11622,23.11853,6
2024-01-08 00:35:06,23.11536,23.11768,5
2024-01-08 00:35:12,23.11486,23.11717,6
2024-01-08 00:35:18,23.1153,23.11761,5
2024-01-08 00:35:24,23.11589,23.1182,6
2024-01-08 00:35:30,23.11536,23.11767,3
2024-01-08 00:35:36,23.11423,23.11654,1
2024-01-08 00:35:42,23.11561,23.11792,3
2024-01-08 00:35:48,23.11636,23.11867,7
2024-01-08 00:35:54,23.11786,23.12017,3
2024-01-08 00:36:00,23.11716,23.11948,7
2024-01-08 00:36:06,23.11605,23.11836,6
2024-01-08 00:36:12,23.1128,23.11511,8
2024-01-08 00:36:18,23.11546,23.11777,6
2024-01-08 00:36:24,23.11426,23.11657,4
2024-01-08 00:36:30,23.11487,23.11718,8
2024-01-08 00:36:36,23.11351,23.11582,8
2024-01-08 00:36:42,23.11697,23.11928,8
2024-01-08 00:36:48,23.11654,23.11885,3
2024-01-08 00:36:54,23.11697,23.11929,7
2024-01-08 00:37:00,23.11694,23.11925,3
2024-01-08 00:37:06,23.11543,23.11774,1
2024-01-08 00:37:12,23.11687,23.11919,3
2024-01-08 00:37:18,23.11493,23.11724,3
2024-01-08 00:37:24,23.1164,23.11871,8
2024-01-08 00:37:30,23.11556,23.11787,3
2024-01-08 00:37:36,23.11567,23.11798,2
2024-01-08 00:37:42,23.11422,23.11653,5
2024-01-08 00:37:48,23.11637,23.11868,2
2024-01-08 00:37:54,23.11625,23.11856,2
2024-01-08 00:38:00,23.11582,23.11813,4
2024-01-08 00:38:06,23.11608,23.11839,1
2024-01-08 00:38:12,23.11428,23.1166,3
2024-01-08 00:38:18,23.11556,23.11787,6
2024-01-08 00:38:24,23.11335,23.11566,4
2024-01-08 00:38:30,23.11474,23.11705,1
2024-01-08 00:38:36,23.1146,23.11691,1
2024-01-08 00:38:42,23.11541,23.11772,6
2024-01-08 00:38:48,23.11666,23.11897,1
2024-01-08 00:38:54,23.11667,23.11898,7
2024-01-08 00:39:00,23.11435,23.11666,1
2024-01-08 00:39:06,23.1152,23.11751,9
2024-01-08 00:39:12,23.11331,23.11562,9
2024-01-08 00:39:18,23.11567,23.11798,9
2024-01-08 00:39:24,23.11499,23.1173,3
2024-01-08 00:39:30,23.11604,23.11835,4
2024-01-08 00:39:36,23.11325,23.11556,3
2024-01-08 00:39:42,23.11636,23.11867,3
2024-01-08 00:39:48,23.11425,23.11656,9
2024-01-08 00:39:54,23.11352,23.11584,4
2024-01-08 00:40:00,23.11501,23.11732,1
2024-01-08 00:40:06,23.117,23.11931,9
2024-01-08 00:40:12,23.1167,23.11901,4
2024-01-08 00:40:18,23.11599,23.1183,4
2024-01-08 00:40:24,23.11524,23.11755,5
2024-01-08 00:40:30,23.11558,23.11789,5
2024-01-08 00:40:36,23.11554,23.11786,3
2024-01-08 00:40:42,23.11517,23.11749,6
2024-01-08 00:40:48,23.11417,23.11648,2
2024-01-08 00:40:54,23.11425,23.11656,5
2024-01-08 00:41:00,23.11667,23.11898,3
2024-01-08 00:41:06,23.11575,23.11806,5
2024-01-08 00:41:12,23.11544,23.11775,6
2024-01-08 00:41:18,23.11415,23.11646,8
2024-01-08 00:41:24,23.11499,23.1173,8
2024-01-08 00:41:30,23.11596,23.11827,5
2024-01-08 00:41:36,23.11634,23.11865,3
2024-01-08 00:41:42,23.11538,23.11769,4
2024-01-08 00:41:48,23.11712,23.11943,2
2024-01-08 00:41:54,23.11357,23.11588,5
2024-01-08 00:42:00,23.11477,23.11708,7
2024-01-08 00:42:06,23.11589,23.1182,5
2024-01-08 00:42:12,23.11609,23.1184,8
2024-01-08 00:42:18,23.11416,23.11647,3
2024-01-08 00:42:24,23.11569,23.118,5
2024-01-08 00:42:30,23.11484,23.11715,8
2024-01-08 00:42:36,23.11409,23.1164,4
2024-01-08 00:42:42,23.1124,23.11471,1
2024-01-08 00:42:48,23.11437,23.11669,2
2024-01-08 00:42:54,23.11653,23.11884,9
2024-01-08 00:43:00,23.11562,23.11793,6
2024-01-08 00:43:06,23.1152,23.11751,6
2024-01-08 00:43:12,23.11557,23.11789,9
2024-01-08 00:43:18,23.115,23.11731,7
2024-01-08 00:43:24,23.11569,23.11801,7
2024-01-08 00:43:30,23.1174,23.11971,8
2024-01-08 00:43:36,23.11622,23.11853,3
2024-01-08 00:43:42,23.11463,23.11694,7
2024-01-08 00:43:48,23.11414,23.11645,5
2024-01-08 00:43:54,23.11506,23.11737,7
2024-01-08 00:44:00,23.1168,23.11912,5
2024-01-08 00:44:06,23.11479,23.1171,6
2024-01-08 00:44:12,23.11596,23.11827,2
2024-01-08 00:44:18,23.11335,23.11566,3
2024-01-08 00:44:24,23.11545,23.11776,2
2024-01-08 00:44:30,23.11592,23.11823,3
2024-01-08 00:44:36,23.11449,23.1168,6
2024-01-08 00:44:42,23.11411,23.11642,1
2024-01-08 00:44:48,23.11442,23.11673,7
2024-01-08 00:44:54,23.11526,23.11757,9
2024-01-08 00:45:00,23.11369,23.116,5
2024-01-08 00:45:06,23.11412,23.11643,9
2024-01-08 00:45:12,23.1137,23.11601,4
2024-01-08 00:45:18,23.11486,23.11717,8
2024-01-08 00:45:24,23.11428,23.11659,3
2024-01-08 00:45:30,23.11218,23.11449,1
2024-01-08 00:45:36,23.11538,23.11769,2
2024-01-08 00:45:42,23.11364,23.11595,2
2024-01-08 00:45:48,23.11369,23.116,5
2024-01-08 00:45:54,23.11471,23.11702,8
2024-01-08 00:46:00,23.11464,23.11696,5
2024-01-08 00:46:06,23.11377,23.11608,6
2024-01-08 00:46:12,23.11546,23.11777,9
2024-01-08 00:46:18,23.11283,23.11514,5
2024-01-08 00:46:24,23.11354,23.11586,9
2024-01-08 00:46:30,23.11468,23.11699,3
2024-01-08 00:46:36,23.11617,23.11848,5
2024-01-08 00:46:42,23.11634,23.11866,8
2024-01-08 00:46:48,23.11597,23.11828,7
2024-01-08 00:46:54,23.11329,23.1156,8
2024-01-08 00:47:00,23.11426,23.11657,3
2024-01-08 00:47:06,23.11567,23.11798,7
2024-01-08 00:47:12,23.11551,23.11782,7
2024-01-08 00:47:18,23.11551,23.11782,5
2024-01-08 00:47:24,23.1156,23.11791,3
2024-01-08 00:47:30,23.11625,23.11856,4
2024-01-08 00:47:36,23.1157,23.11801,1
2024-01-08 00:47:42,23.11628,23.1186,4
2024-01-08 00:47:48,23.11465,23.11696,7
2024-01-08 00:47:54,23.1169,23.11921,8
2024-01-08 00:48:00,23.1158,23.11811,2
2024-01-08 00:48:06,23.1153,23.11761,1
2024-01-08 00:48:12,23.11423,23.11655,3
2024-01-08 00:48:18,23.11519,23.1175,6
2024-01-08 00:48:24,23.11558,23.11789,2
2024-01-08 00:48:30,23.11339,23.1157,8
2024-01-08 00:48:36,23.11631,23.11862,7
2024-01-08 00:48:42,23.11616,23.11848,6
2024-01-08 00:48:48,23.11507,23.11738,5
2024-01-08 00:48:54,23.11547,23.11778,8
2024-01-08 00:49:00,23.11377,23.11608,5
2024-01-08 00:49:06,23.1139,23.11621,5
2024-01-08 00:49:12,23.11373,23.11604,6
2024-01-08 00:49:18,23.11435,23.11666,5
2024-01-08 00:49:24,23.11439,23.11671,2
2024-01-08 00:49:30,23.11491,23.11722,3
2024-01-08 00:49:36,23.11554,23.11785,2
2024-01-08 00:49:42,23.11585,23.11816,8
2024-01-08 00:49:48,23.11603,23.11835,6
2024-01-08 00:49:54,23.11401,23.11632,2
2024-01-08 00:50:00,23.11501,23.11732,6
2024-01-08 00:50:06,23.11436,23.11667,5
2024-01-08 00:50:12,23.11421,23.11653,9
2024-01-08 00:50:18,23.11634,23.11865,8
2024-01-08 00:50:24,23.11467,23.11698,1
2024-01-08 00:50:30,23.11547,23.11778,5
2024-01-08 00:50:36,23.11472,23.11703,1
2024-01-08 00:50:42,23.11446,23.11677,6
2024-01-08 00:50:48,23.11553,23.11784,2
2024-01-08 00:50:54,23.11364,23.11595,1
2024-01-08 00:51:00,23.11616,23.11847,3
2024-01-08 00:51:06,23.11342,23.11573,1
2024-01-08 00:51:12,23.11585,23.11816,5
2024-01-08 00:51:18,23.11634,23.11866,5
2024-01-08 00:51:24,23.11306,23.11538,3
2024-01-08 00:51:30,23.11511,23.11742,8
2024-01-08 00:51:36,23.11376,23.11608,7
2024-01-08 00:51:42,23.11638,23.11869,2
2024-01-08 00:51:48,23.11519,23.1175,5
2024-01-08 00:51:54,23.11548,23.11779,9
2024-01-08 00:52:00,23.11432,23.11663,7
2024-01-08 00:52:06,23.11703,23.11935,1
2024-01-08 00:52:12,23.11516,23.11747,2
2024-01-08 00:52:18,23.11622,23.11853,4
2024-01-08 00:52:24,23.11522,23.11754,5
2024-01-08 00:52:30,23.11823,23.12054,8
2024-01-08 00:52:36,23.11649,23.1188,9
2024-01-08 00:52:42,23.11479,23.11711,7
2024-01-08 00:52:48,23.11332,23.11564,3
2024-01-08 00:52:54,23.1166,23.11891,6
2024-01-08 00:53:00,23.11479,23.11711,7
2024-01-08 00:53:06,23.11686,23.11917,9
2024-01-08 00:53:12,23.11462,23.11693,9
2024-01-08 00:53:18,23.11397,23.11628,9
2024-01-08 00:53:24,23.11414,23.11645,3
2024-01-08 00:53:30,23.11481,23.11712,7
2024-01-08 00:53:36,23.11322,23.11553,4
2024-01-08 00:53:42,23.11241,23.11472,6
2024-01-08 00:53:48,23.11536,23.11767,4
2024-01-08 00:53:54,23.11168,23.11399,6
2024-01-08 00:54:00,23.11562,23.11793,4
2024-01-08 00:54:06,23.11402,23.11633,3
2024-01-08 00:54:12,23.11344,23.11576,3
2024-01-08 00:54:18,23.11399,23.1163,3
2024-01-08 00:54:24,23.11278,23.11509,8
2024-01-08 00:54:30,23.11381,23.11612,6
2024-01-08 00:54:36,23.11364,23.11595,6
2024-01-08 00:54:42,23.11439,23.1167,8
2024-01-08 00:54:48,23.11506,23.11737,8
2024-01-08 00:54:54,23.11284,23.11515,5
2024-01-08 00:55:00,23.11399,23.1163,2
2024-01-08 00:55:06,23.11494,23.11725,5
2024-01-08 00:55:12,23.11549,23.1178,5
2024-01-08 00:55:18,23.11442,23.11673,8
2024-01-08 00:55:24,23.11371,23.11602,2
2024-01-08 00:55:30,23.11377,23.11608,6
2024-01-08 00:55:36,23.1146,23.11691,7
2024-01-08 00:55:42,23.11421,23.11653,4
2024-01-08 00:55:48,23.11326,23.11557,6
2024-01-08 00:55:54,23.11312,23.11543,6
2024-01-08 00:56:00,23.11184,23.11415,8
2024-01-08 00:56:06,23.11335,23.11566,4
2024-01-08 00:56:12,23.11439,23.1167,8
2024-01-08 00:56:18,23.11488,23.11719,8
2024-01-08 00:56:24,23.11515,23.11746,9
2024-01-08 00:56:30,23.11413,23.11645,6
2024-01-08 00:56:36,23.11427,23.11658,3
2024-01-08 00:56:42,23.11515,23.11746,3
2024-01-08 00:56:48,23.11398,23.1163,2
2024-01-08 00:56:54,23.11551,23.11783,1
2024-01-08 00:57:00,23.11448,23.11679,9
2024-01-08 00:57:06,23.11503,23.11734,2
2024-01-08 00:57:12,23.11433,23.11664,3
2024-01-08 00:57:18,23.11418,23.11649,4
2024-01-08 00:57:24,23.11403,23.11634,9
2024-01-08 00:57:30,23.1144,23.11671,3
2024-01-08 00:57:36,23.11454,23.11685,2
2024-01-08 00:57:42,23.11598,23.11829,5
2024-01-08 00:57:48,23.11561,23.11792,7
2024-01-08 00:57:54,23.11302,23.11533,4
2024-01-08 00:58:00,23.11426,23.11657,3
2024-01-08 00:58:06,23.11397,23.11628,3
2024-01-08 00:58:12,23.11395,23.11626,9
2024-01-08 00:58:18,23.11255,23.11486,3
2024-01-08 00:58:24,23.11501,23.11732,7
2024-01-08 00:58:30,23.11417,23.11648,5
2024-01-08 00:58:36,23.11305,23.11536,4
2024-01-08 00:58:42,23.11598,23.1183,3
2024-01-08 00:58:48,23.11546,23.11777,7
2024-01-08 00:58:54,23.11298,23.11529,6
2024-01-08 00:59:00,23.11399,23.1163,8
2024-01-08 00:59:06,23.11273,23.11504,9
2024-01-08 00:59:12,23.1143,23.11661,7
2024-01-08 00:59:18,23.11273,23.11504,8
2024-01-08 00:59:24,23.11291,23.11523,3
2024-01-08 00:59:30,23.11309,23.1154,6
2024-01-08 00:59:36,23.11455,23.11686,7
2024-01-08 00:59:42,23.11456,23.11687,1
2024-01-08 00:59:48,23.11337,23.11568,5
2024-01-08 00:59:54,23.11482,23.11713,6
2024-01-08 01:00:00,23.11362,23.11593,8
2024-01-08 01:00:06,23.11495,23.11726,2
2024-01-08 01:00:12,23.11508,23.11739,3
2024-01-08 01:00:18,23.11215,23.11446,4
2024-01-08 01:00:24,23.11294,23.11525,4
2024-01-08 01:00:30,23.11188,23.11419,7
2024-01-08 01:00:36,23.11401,23.11632,1
2024-01-08 01:00:42,23.1125,23.11481,6
2024-01-08 01:00:48,23.11352,23.11583,6
2024-01-08 01:00:54,23.11447,23.11678,1
2024-01-08 01:01:00,23.11226,23.11457,7
2024-01-08 01:01:06,23.11315,23.11547,7
2024-01-08 01:01:12,23.11242,23.11474,2
2024-01-08 01:01:18,23.11311,23.11542,5
2024-01-08 01:01:24,23.11226,23.11457,7
2024-01-08 01:01:30,23.11452,23.11683,5
2024-01-08 01:01:36,23.11598,23.11829,3
2024-01-08 01:01:42,23.11392,23.11624,8
2024-01-08 01:01:48,23.11356,23.11587,1
2024-01-08 01:01:54,23.11244,23.11475,3
2024-01-08 01:02:00,23.11601,23.11832,5
2024-01-08 01:02:06,23.11647,23.11878,2
2024-01-08 01:02:12,23.11365,23.11596,2
2024-01-08 01:02:18,23.11354,23.11585,3
2024-01-08 01:02:24,23.11326,23.11557,3
2024-01-08 01:02:30,23.11174,23.11405,6
2024-01-08 01:02:36,23.11339,23.1157,5
2024-01-08 01:02:42,23.11251,23.11482,6
2024-01-08 01:02:48,23.1146,23.11691,8
2024-01-08 01:02:54,23.11385,23.11616,7
2024-01-08 01:03:00,23.11515,23.11746,5
2024-01-08 01:03:06,23.11305,23.11536,2
2024-01-08 01:03:12,23.11226,23.11457,7
2024-01-08 01:03:18,23.11384,23.11615,9
2024-01-08 01:03:24,23.11439,23.1167,9
2024-01-08 01:03:30,23.11267,23.11499,3
2024-01-08 01:03:36,23.11427,23.11658,6
2024-01-08 01:03:42,23.11182,23.11413,7
2024-01-08 01:03:48,23.11437,23.11668,9
2024-01-08 01:03:54,23.11488,23.11719,9
2024-01-08 01:04:00,23.11511,23.11742,1
2024-01-08 01:04:06,23.11232,23.11463,8
2024-01-08 01:04:12,23.11253,23.11484,3
2024-01-08 01:04:18,23.11364,23.11595,7
2024-01-08 01:04:24,23.11219,23.1145,2
2024-01-08 01:04:30,23.11146,23.11377,7
2024-01-08 01:04:36,23.11275,23.11507,7
2024-01-08 01:04:42,23.1122,23.11451,9
2024-01-08 01:04:48,23.11522,23.11754,9
2024-01-08 01:04:54,23.11232,23.11463,8
2024-01-08 01:05:00,23.11246,23.11477,2
2024-01-08 01:05:06,23.11394,23.11625,4
2024-01-08 01:05:12,23.11229,23.1146,1
2024-01-08 01:05:18,23.11267,23.11498,4
2024-01-08 01:05:24,23.11236,23.11467,5
2024-01-08 01:05:30,23.11466,23.11697,2
2024-01-08 01:05:36,23.11191,23.11422,3
2024-01-08 01:05:42,23.11195,23.11426,7
2024-01-08 01:05:48,23.11311,23.11542,5
2024-01-08 01:05:54,23.11206,23.11437,5
2024-01-08 01:06:00,23.11284,23.11515,4
2024-01-08 01:06:06,23.11111,23.11342,3
2024-01-08 01:06:12,23.1156,23.11791,5
2024-01-08 01:06:18,23.11339,23.1157,4
2024-01-08 01:06:24,23.11429,23.1166,9
2024-01-08 01:06:30,23.11419,23.1165,8
2024-01-08 01:06:36,23.1109,23.11321,8
2024-01-08 01:06:42,23.11163,23.11394,5
2024-01-08 01:06:48,23.11243,23.11474,2
2024-01-08 01:06:54,23.11373,23.11604,5
2024-01-08 01:07:00,23.11426,23.11657,3
2024-01-08 01:07:06,23.11349,23.1158,2
2024-01-08 01:07:12,23.11184,23.11415,4
2024-01-08 01:07:18,23.11277,23.11508,2
2024-01-08 01:07:24,23.11346,23.11577,7
2024-01-08 01:07:30,23.11166,23.11397,4
2024-01-08 01:07:36,23.11475,23.11706,4
2024-01-08 01:07:42,23.11269,23.115,4
2024-01-08 01:07:48,23.1139,23.11621,3
2024-01-08 01:07:54,23.11303,23.11534,3
2024-01-08 01:08:00,23.11333,23.11564,1
2024-01-08 01:08:06,23.11412,23.11643,9
2024-01-08 01:08:12,23.11123,23.11354,7
2024-01-08 01:08:18,23.11382,23.11613,8
2024-01-08 01:08:24,23.11219,23.1145,9
2024-01-08 01:08:30,23.11167,23.11398,8
2024-01-08 01:08:36,23.11224,23.11455,3
2024-01-08 01:08:42,23.11293,23.11524,7
2024-01-08 01:08:48,23.11379,23.1161,5
2024-01-08 01:08:54,23.1115,23.11381,6
2024-01-08 01:09:00,23.11267,23.11498,4
2024-01-08 01:09:06,23.11184,23.11415,1
2024-01-08 01:09:12,23.11157,23.11389,6
2024-01-08 01:09:18,23.11345,23.11577,6
2024-01-08 01:09:24,23.11289,23.1152,2
2024-01-08 01:09:30,23.11379,23.1161,2
2024-01-08 01:09:36,23.11197,23.11428,4
2024-01-08 01:09:42,23.11456,23.11687,6
2024-01-08 01:09:48,23.11164,23.11395,9
2024-01-08 01:09:54,23.11355,23.11586,8
2024-01-08 01:10:00,23.11142,23.11373,8
2024-01-08 01:10:06,23.11438,23.11669,7
2024-01-08 01:10:12,23.11375,23.11606,7
2024-01-08 01:10:18,23.11209,23.11441,2
2024-01-08 01:10:24,23.11237,23.11468,9
2024-01-08 01:10:30,23.11263,23.11494,2
2024-01-08 01:10:36,23.11392,23.11623,3
2024-01-08 01:10:42,23.11443,23.11674,4
2024-01-08 01:10:48,23.11224,23.11455,2
2024-01-08 01:10:54,23.10999,23.1123,8
2024-01-08 01:11:00,23.11373,23.11604,2
2024-01-08 01:11:06,23.1135,23.11581,9
2024-01-08 01:11:12,23.11301,23.11532,3
2024-01-08 01:11:18,23.11355,23.11586,3
2024-01-08 01:11:24,23.11314,23.11545,8
2024-01-08 01:11:30,23.11244,23.11476,6
2024-01-08 01:11:36,23.11359,23.1159,9
2024-01-08 01:11:42,23.11164,23.11396,1
2024-01-08 01:11:48,23.1124,23.11471,8
2024-01-08 01:11:54,23.11455,23.11686,8
2024-01-08 01:12:00,23.1119,23.11422,6
2024-01-08 01:12:06,23.11383,23.11614,4
2024-01-08 01:12:12,23.11209,23.1144,9
2024-01-08 01:12:18,23.11279,23.1151,4
2024-01-08 01:12:24,23.1117,23.11401,7
2024-01-08 01:12:30,23.11456,23.11687,8
2024-01-08 01:12:36,23.11428,23.11659,7
2024-01-08 01:12:42,23.11231,23.11462,3
2024-01-08 01:12:48,23.11287,23.11518,3
2024-01-08 01:12:54,23.11165,23.11397,5
2024-01-08 01:13:00,23.11245,23.11476,1
2024-01-08 01:13:06,23.11143,23.11374,8
2024-01-08 01:13:12,23.11344,23.11575,2
2024-01-08 01:13:18,23.11274,23.11505,3
2024-01-08 01:13:24,23.11229,23.1146,5
2024-01-08 01:13:30,23.11219,23.11451,6
2024-01-08 01:13:36,23.11198,23.11429,2
2024-01-08 01:13:42,23.11198,23.1143,9
2024-01-08 01:13:48,23.11265,23.11496,7
2024-01-08 01:13:54,23.11113,23.11344,7
2024-01-08 01:14:00,23.11259,23.1149,8
2024-01-08 01:14:06,23.11179,23.1141,2
2024-01-08 01:14:12,23.11348,23.11579,6
2024-01-08 01:14:18,23.1133,23.11561,6
2024-01-08 01:14:24,23.11062,23.11293,6
2024-01-08 01:14:30,23.11289,23.1152,4
2024-01-08 01:14:36,23.11186,23.11417,9
2024-01-08 01:14:42,23.11328,23.11559,4
2024-01-08 01:14:48,23.11333,23.11565,5
2024-01-08 01:14:54,23.11392,23.11623,3
2024-01-08 01:15:00,23.11339,23.1157,2
2024-01-08 01:15:06,23.11118,23.11349,7
2024-01-08 01:15:12,23.11325,23.11556,7
2024-01-08 01:15:18,23.11189,23.1142,3
2024-01-08 01:15:24,23.11258,23.11489,7
2024-01-08 01:15:30,23.11339,23.1157,8
2024-01-08 01:15:36,23.11114,23.11345,4
2024-01-08 01:15:42,23.11171,23.11402,8
2024-01-08 01:15:48,23.11397,23.11629,3
2024-01-08 01:15:54,23.11288,23.11519,9
2024-01-08 01:16:00,23.11214,23.11445,9
2024-01-08 01:16:06,23.11418,23.11649,9
2024-01-08 01:16:12,23.11161,23.11393,1
2024-01-08 01:16:18,23.11065,23.11297,9
2024-01-08 01:16:24,23.11251,23.11482,2
2024-01-08 01:16:30,23.11346,23.11578,3
2024-01-08 01:16:36,23.11187,23.11418,4
2024-01-08 01:16:42,23.11223,23.11454,8
2024-01-08 01:16:48,23.11248,23.11479,3
2024-01-08 01:16:54,23.11204,23.11435,2
2024-01-08 01:17:00,23.11194,23.11425,2
2024-01-08 01:17:06,23.11395,23.11626,3
2024-01-08 01:17:12,23.11145,23.11376,9
2024-01-08 01:17:18,23.11412,23.11643,6
2024-01-08 01:17:24,23.11296,23.11527,9
2024-01-08 01:17:30,23.11231,23.11462,2
2024-01-08 01:17:36,23.11037,23.11268,9
2024-01-08 01:17:42,23.11232,23.11463,8
2024-01-08 01:17:48,23.11532,23.11763,7
2024-01-08 01:17:54,23.1108,23.11311,6
2024-01-08 01:18:00,23.11264,23.11496,7
2024-01-08 01:18:06,23.1114,23.11371,1
2024-01-08 01:18:12,23.11331,23.11562,1
2024-01-08 01:18:18,23.11215,23.11446,3
2024-01-08 01:18:24,23.11209,23.1144,9
2024-01-08 01:18:30,23.11129,23.1136,3
2024-01-08 01:18:36,23.11253,23.11484,3
2024-01-08 01:18:42,23.11232,23.11463,3
2024-01-08 01:18:48,23.11111,23.11342,7
2024-01-08 01:18:54,23.11276,23.11507,9
2024-01-08 01:19:00,23.11115,23.11346,5
2024-01-08 01:19:06,23.1108,23.11311,3
2024-01-08 01:19:12,23.11249,23.1148,7
2024-01-08 01:19:18,23.11201,23.11432,9
2024-01-08 01:19:24,23.11011,23.11242,1
2024-01-08 01:19:30,23.11216,23.11447,1
2024-01-08 01:19:36,23.11369,23.116,8
2024-01-08 01:19:42,23.11275,23.11506,2
2024-01-08 01:19:48,23.11146,23.11377,3
2024-01-08 01:19:54,23.11022,23.11253,8
2024-01-08 01:20:00,23.11092,23.11323,3
2024-01-08 01:20:06,23.1106,23.11291,5
2024-01-08 01:20:12,23.11033,23.11264,6
2024-01-08 01:20:18,23.11084,23.11315,4
2024-01-08 01:20:24,23.11139,23.1137,6
2024-01-08 01:20:30,23.11251,23.11482,7
2024-01-08 01:20:36,23.1138,23.11611,5
2024-01-08 01:20:42,23.11017,23.11248,7
2024-01-08 01:20:48,23.11213,23.11444,9
2024-01-08 01:20:54,23.11156,23.11387,1
2024-01-08 01:21:00,23.11088,23.1132,3
2024-01-08 01:21:06,23.11078,23.11309,1
2024-01-08 01:21:12,23.11036,23.11267,8
2024-01-08 01:21:18,23.11128,23.1136,3
2024-01-08 01:21:24,23.1104,23.11271,2
2024-01-08 01:21:30,23.10895,23.11127,9
2024-01-08 01:21:36,23.11294,23.11525,7
2024-01-08 01:21:42,23.10995,23.11226,6
2024-01-08 01:21:48,23.10993,23.11225,4
2024-01-08 01:21:54,23.11086,23.11318,7
2024-01-08 01:22:00,23.11136,23.11367,4
2024-01-08 01:22:06,23.11182,23.11413,2
2024-01-08 01:22:12,23.11177,23.11409,1
2024-01-08 01:22:18,23.10979,23.1121,7
2024-01-08 01:22:24,23.11065,23.11296,1
2024-01-08 01:22:30,23.1109,23.11321,2
2024-01-08 01:22:36,23.1115,23.11381,5
2024-01-08 01:22:42,23.11176,23.11407,8
2024-01-08 01:22:48,23.1107,23.11301,8
2024-01-08 01:22:54,23.11037,23.11268,5
2024-01-08 01:23:00,23.11205,23.11436,3
2024-01-08 01:23:06,23.11343,23.11574,3
2024-01-08 01:23:12,23.11193,23.11424,4
2024-01-08 01:23:18,23.10997,23.11228,3
2024-01-08 01:23:24,23.11016,23.11247,7
2024-01-08 01:23:30,23.11291,23.11522,9
2024-01-08 01:23:36,23.11247,23.11478,7
2024-01-08 01:23:42,23.11149,23.1138,3
2024-01-08 01:23:48,23.1096,23.11191,2
2024-01-08 01:23:54,23.10931,23.11162,7
2024-01-08 01:24:00,23.10995,23.11226,8
2024-01-08 01:24:06,23.11189,23.1142,5
2024-01-08 01:24:12,23.10865,23.11096,3
2024-01-08 01:24:18,23.11079,23.11311,7
2024-01-08 01:24:24,23.11026,23.11257,4
2024-01-08 01:24:30,23.10983,23.11214,8
2024-01-08 01:24:36,23.11119,23.1135,1
2024-01-08 01:24:42,23.11053,23.11284,8
2024-01-08 01:24:48,23.10999,23.1123,2
2024-01-08 01:24:54,23.1118,23.11411,8
2024-01-08 01:25:00,23.10902,23.11133,5
2024-01-08 01:25:06,23.11059,23.11291,3
2024-01-08 01:25:12,23.10979,23.1121,1
2024-01-08 01:25:18,23.11062,23.11293,8
2024-01-08 01:25:24,23.11109,23.1134,5
2024-01-08 01:25:30,23.10892,23.11123,5
2024-01-08 01:25:36,23.11143,23.11374,8
2024-01-08 01:25:42,23.11082,23.11313,5
2024-01-08 01:25:48,23.11247,23.11478,6
2024-01-08 01:25:54,23.10998,23.11229,7
2024-01-08 01:26:00,23.10868,23.11099,6
2024-01-08 01:26:06,23.11069,23.113,2
2024-01-08 01:26:12,23.11138,23.11369,8
2024-01-08 01:26:18,23.11002,23.11233,5
2024-01-08 01:26:24,23.11009,23.1124,9
2024-01-08 01:26:30,23.11226,23.11458,9
2024-01-08 01:26:36,23.1114,23.11371,6
2024-01-08 01:26:42,23.11106,23.11337,6
2024-01-08 01:26:48,23.11132,23.11363,2
2024-01-08 01:26:54,23.1102,23.11251,4
2024-01-08 01:27:00,23.11051,23.11282,5
2024-01-08 01:27:06,23.10906,23.11137,9
2024-01-08 01:27:12,23.10857,23.11089,1
2024-01-08 01:27:18,23.11167,23.11398,5
2024-01-08 01:27:24,23.10992,23.11224,2
2024-01-08 01:27:30,23.11159,23.1139,5
2024-01-08 01:27:36,23.11152,23.11383,8
2024-01-08 01:27:42,23.10826,23.11057,7
2024-01-08 01:27:48,23.11037,23.11268,9
2024-01-08 01:27:54,23.10925,23.11156,4
2024-01-08 01:28:00,23.111,23.11331,4
2024-01-08 01:28:06,23.10852,23.11083,4
2024-01-08 01:28:12,23.10999,23.1123,7
2024-01-08 01:28:18,23.10978,23.11209,3
2024-01-08 01:28:24,23.10923,23.11154,1
2024-01-08 01:28:30,23.11185,23.11416,6
2024-01-08 01:28:36,23.11059,23.1129,2
2024-01-08 01:28:42,23.11292,23.11523,9
2024-01-08 01:28:48,23.11099,23.11331,9
2024-01-08 01:28:54,23.11122,23.11353,5
2024-01-08 01:29:00,23.11082,23.11313,2
2024-01-08 01:29:06,23.11072,23.11303,7
2024-01-08 01:29:12,23.11062,23.11293,6
2024-01-08 01:29:18,23.11143,23.11374,6
2024-01-08 01:29:24,23.11119,23.11351,4
2024-01-08 01:29:30,23.10915,23.11146,6
2024-01-08 01:29:36,23.10965,23.11197,5
2024-01-08 01:29:42,23.11113,23.11344,7
2024-01-08 01:29:48,23.1107,23.11301,1
2024-01-08 01:29:54,23.11145,23.11376,4
2024-01-08 01:30:00,23.11147,23.11378,2
2024-01-08 01:30:06,23.10916,23.11147,5
2024-01-08 01:30:12,23.11059,23.11291,4
2024-01-08 01:30:18,23.1132,23.11551,8
2024-01-08 01:30:24,23.11069,23.113,4
2024-01-08 01:30:30,23.10879,23.1111,5
2024-01-08 01:30:36,23.11166,23.11398,4
2024-01-08 01:30:42,23.11282,23.11513,6
2024-01-08 01:30:48,23.10936,23.11167,6
2024-01-08 01:30:54,23.11014,23.11245,3
2024-01-08 01:31:00,23.11112,23.11343,5
2024-01-08 01:31:06,23.11111,23.11342,5
2024-01-08 01:31:12,23.11082,23.11313,8
2024-01-08 01:31:18,23.11111,23.11342,4
2024-01-08 01:31:24,23.10938,23.1117,3
2024-01-08 01:31:30,23.10933,23.11164,2
2024-01-08 01:31:36,23.10926,23.11157,4
2024-01-08 01:31:42,23.11143,23.11374,9
2024-01-08 01:31:48,23.10924,23.11155,8
2024-01-08 01:31:54,23.10954,23.11185,2
2024-01-08 01:32:00,23.11057,23.11288,9
2024-01-08 01:32:06,23.11032,23.11263,6
2024-01-08 01:32:12,23.10969,23.112,9
2024-01-08 01:32:18,23.10948,23.11179,8
2024-01-08 01:32:24,23.10931,23.11163,4
2024-01-08 01:32:30,23.10995,23.11226,1
2024-01-08 01:32:36,23.11012,23.11243,5
2024-01-08 01:32:42,23.10916,23.11147,5
2024-01-08 01:32:48,23.10856,23.11087,4
2024-01-08 01:32:54,23.10909,23.1114,7
2024-01-08 01:33:00,23.10949,23.1118,9
2024-01-08 01:33:06,23.11123,23.11354,3
2024-01-08 01:33:12,23.11296,23.11527,4
2024-01-08 01:33:18,23.11044,23.11275,7
2024-01-08 01:33:24,23.10886,23.11117,5
2024-01-08 01:33:30,23.10972,23.11203,9
2024-01-08 01:33:36,23.10994,23.11225,3
2024-01-08 01:33:42,23.10982,23.11213,7
2024-01-08 01:33:48,23.11042,23.11273,9
2024-01-08 01:33:54,23.10991,23.11222,6
2024-01-08 01:34:00,23.11048,23.11279,6
2024-01-08 01:34:06,23.10832,23.11063,3
2024-01-08 01:34:12,23.10935,23.11166,7
2024-01-08 01:34:18,23.11008,23.11239,4
2024-01-08 01:34:24,23.10982,23.11213,3
2024-01-08 01:34:30,23.11011,23.11243,9
2024-01-08 01:34:36,23.11078,23.11309,2
2024-01-08 01:34:42,23.11071,23.11302,7
2024-01-08 01:34:48,23.10961,23.11192,9
2024-01-08 01:34:54,23.11078,23.11309,8
2024-01-08 01:35:00,23.10989,23.1122,6
2024-01-08 01:35:06,23.10979,23.1121,6
2024-01-08 01:35:12,23.10872,23.11103,5
2024-01-08 01:35:18,23.10918,23.11149,8
2024-01-08 01:35:24,23.10981,23.11212,3
2024-01-08 01:35:30,23.10958,23.11189,7
2024-01-08 01:35:36,23.10817,23.11048,2
2024-01-08 01:35:42,23.10882,23.11114,7
2024-01-08 01:35:48,23.11121,23.11352,6
2024-01-08 01:35:54,23.11066,23.11297,6
2024-01-08 01:36:00,23.10794,23.11025,9
2024-01-08 01:36:06,23.10938,23.11169,7
2024-01-08 01:36:12,23.11185,23.11416,3
2024-01-08 01:36:18,23.1091,23.11142,3
2024-01-08 01:36:24,23.10977,23.11208,5
2024-01-08 01:36:30,23.11015,23.11246,3
2024-01-08 01:36:36,23.10766,23.10997,1
2024-01-08 01:36:42,23.10914,23.11145,4
2024-01-08 01:36:48,23.11068,23.11299,5
2024-01-08 01:36:54,23.11143,23.11374,4
2024-01-08 01:37:00,23.10933,23.11164,1
2024-01-08 01:37:06,23.10847,23.11079,2
2024-01-08 01:37:12,23.11169,23.11401,1
2024-01-08 01:37:18,23.10937,23.11168,3
2024-01-08 01:37:24,23.10918,23.11149,6
2024-01-08 01:37:30,23.11026,23.11257,8
2024-01-08 01:37:36,23.10857,23.11088,1
2024-01-08 01:37:42,23.10847,23.11078,4
2024-01-08 01:37:48,23.10807,23.11038,7
2024-01-08 01:37:54,23.10868,23.11099,7
2024-01-08 01:38:00,23.11086,23.11317,7
2024-01-08 01:38:06,23.10877,23.11108,8
2024-01-08 01:38:12,23.11266,23.11497,3
2024-01-08 01:38:18,23.1091,23.11141,8
2024-01-08 01:38:24,23.109,23.11131,2
2024-01-08 01:38:30,23.10852,23.11083,6
2024-01-08 01:38:36,23.10839,23.1107,7
2024-01-08 01:38:42,23.1102,23.11252,1
2024-01-08 01:38:48,23.10803,23.11034,7
2024-01-08 01:38:54,23.10876,23.11107,8
2024-01-08 01:39:00,23.10847,23.11078,1
2024-01-08 01:39:06,23.10953,23.11184,6
2024-01-08 01:39:12,23.11059,23.1129,6
2024-01-08 01:39:18,23.10795,23.11027,2
2024-01-08 01:39:24,23.1086,23.11092,6
2024-01-08 01:39:30,23.1086,23.11091,2
2024-01-08 01:39:36,23.11018,23.11249,4
2024-01-08 01:39:42,23.10849,23.1108,6
2024-01-08 01:39:48,23.10764,23.10996,2
2024-01-08 01:39:54,23.10748,23.10979,3
2024-01-08 01:40:00,23.10785,23.11016,5
2024-01-08 01:40:06,23.10947,23.11178,2
2024-01-08 01:40:12,23.11019,23.1125,8
2024-01-08 01:40:18,23.11067,23.11298,5
2024-01-08 01:40:24,23.10844,23.11075,7
2024-01-08 01:40:30,23.10694,23.10925,5
2024-01-08 01:40:36,23.10753,23.10985,4
2024-01-08 01:40:42,23.10819,23.1105,5
2024-01-08 01:40:48,23.1067,23.10901,6
2024-01-08 01:40:54,23.11124,23.11355,7
2024-01-08 01:41:00,23.10823,23.11054,4
2024-01-08 01:41:06,23.10826,23.11057,9
2024-01-08 01:41:12,23.10874,23.11106,6
2024-01-08 01:41:18,23.10785,23.11016,5
2024-01-08 01:41:24,23.11125,23.11356,2
2024-01-08 01:41:30,23.1102,23.11251,1
2024-01-08 01:41:36,23.10794,23.11025,3
2024-01-08 01:41:42,23.11004,23.11236,8
2024-01-08 01:41:48,23.10646,23.10877,5
2024-01-08 01:41:54,23.10895,23.11126,2
2024-01-08 01:42:00,23.10975,23.11206,1
2024-01-08 01:42:06,23.10775,23.11006,9
2024-01-08 01:42:12,23.10914,23.11145,5
2024-01-08 01:42:18,23.10944,23.11175,1
2024-01-08 01:42:24,23.10946,23.11177,4
2024-01-08 01:42:30,23.10762,23.10993,6
2024-01-08 01:42:36,23.10866,23.11097,2
2024-01-08 01:42:42,23.10862,23.11093,3
2024-01-08 01:42:48,23.10926,23.11157,5
2024-01-08 01:42:54,23.10835,23.11066,8
2024-01-08 01:43:00,23.10913,23.11144,7
2024-01-08 01:43:06,23.10983,23.11214,3
2024-01-08 01:43:12,23.10895,23.11126,3
2024-01-08 01:43:18,23.10829,23.1106,6
2024-01-08 01:43:24,23.10845,23.11077,5
2024-01-08 01:43:30,23.10784,23.11015,1
2024-01-08 01:43:36,23.10811,23.11042,7
2024-01-08 01:43:42,23.1069,23.10921,9
2024-01-08 01:43:48,23.10808,23.11039,8
2024-01-08 01:43:54,23.10823,23.11054,6
2024-01-08 01:44:00,23.1089,23.11121,9
2024-01-08 01:44:06,23.10939,23.1117,9
2024-01-08 01:44:12,23.10684,23.10916,3
2024-01-08 01:44:18,23.10865,23.11096,9
2024-01-08 01:44:24,23.10907,23.11138,1
2024-01-08 01:44:30,23.10765,23.10996,6
2024-01-08 01:44:36,23.1095,23.11181,4
2024-01-08 01:44:42,23.10851,23.11082,1
2024-01-08 01:44:48,23.10665,23.10896,8
2024-01-08 01:44:54,23.1073,23.10961,1
2024-01-08 01:45:00,23.10723,23.10954,4
2024-01-08 01:45:06,23.10853,23.11084,5
2024-01-08 01:45:12,23.10634,23.10866,1
2024-01-08 01:45:18,23.10767,23.10998,1
2024-01-08 01:45:24,23.10945,23.11176,7
2024-01-08 01:45:30,23.10754,23.10985,8
2024-01-08 01:45:36,23.10706,23.10938,7
2024-01-08 01:45:42,23.10728,23.10959,3
2024-01-08 01:45:48,23.10756,23.10988,3
2024-01-08 01:45:54,23.10736,23.10967,3
2024-01-08 01:46:00,23.10867,23.11098,1
2024-01-08 01:46:06,23.10886,23.11117,5
2024-01-08 01:46:12,23.10774,23.11005,1
2024-01-08 01:46:18,23.10761,23.10992,3
2024-01-08 01:46:24,23.11006,23.11237,4
2024-01-08 01:46:30,23.10869,23.111,6
2024-01-08 01:46:36,23.10645,23.10876,6
2024-01-08 01:46:42,23.10859,23.1109,4
2024-01-08 01:46:48,23.10838,23.11069,4
2024-01-08 01:46:54,23.10576,23.10807,8
2024-01-08 01:47:00,23.1069,23.10921,9
2024-01-08 01:47:06,23.10896,23.11127,4
2024-01-08 01:47:12,23.10801,23.11032,9
2024-01-08 01:47:18,23.10719,23.1095,5
2024-01-08 01:47:24,23.10663,23.10894,8
2024-01-08 01:47:30,23.10874,23.11106,6
2024-01-08 01:47:36,23.10535,23.10766,8
2024-01-08 01:47:42,23.10837,23.11069,6
2024-01-08 01:47:48,23.10797,23.11028,1
2024-01-08 01:47:54,23.10939,23.1117,1
2024-01-08 01:48:00,23.10829,23.1106,6
2024-01-08 01:48:06,23.10904,23.11135,8
2024-01-08 01:48:12,23.10632,23.10863,9
2024-01-08 01:48:18,23.10913,23.11144,4
2024-01-08 01:48:24,23.10783,23.11014,3
2024-01-08 01:48:30,23.10764,23.10995,6
2024-01-08 01:48:36,23.10921,23.11152,9
2024-01-08 01:48:42,23.10731,23.10962,2
2024-01-08 01:48:48,23.10631,23.10862,3
2024-01-08 01:48:54,23.10856,23.11087,3
2024-01-08 01:49:00,23.10864,23.11095,2
2024-01-08 01:49:06,23.10708,23.10939,2
2024-01-08 01:49:12,23.10824,23.11055,1
2024-01-08 01:49:18,23.10741,23.10972,7
2024-01-08 01:49:24,23.1075,23.10981,2
2024-01-08 01:49:30,23.1058,23.10811,1
2024-01-08 01:49:36,23.10866,23.11097,1
2024-01-08 01:49:42,23.10892,23.11123,1
2024-01-08 01:49:48,23.10679,23.1091,7
2024-01-08 01:49:54,23.10929,23.1116,2
2024-01-08 01:50:00,23.10734,23.10965,7
2024-01-08 01:50:06,23.10998,23.11229,8
2024-01-08 01:50:12,23.10642,23.10873,8
2024-01-08 01:50:18,23.1073,23.10961,9
2024-01-08 01:50:24,23.10816,23.11048,1
2024-01-08 01:50:30,23.10594,23.10826,2
2024-01-08 01:50:36,23.10658,23.10889,9
2024-01-08 01:50:42,23.10774,23.11005,5
2024-01-08 01:50:48,23.10817,23.11049,4
2024-01-08 01:50:54,23.10688,23.10919,4
2024-01-08 01:51:00,23.10919,23.1115,8
2024-01-08 01:51:06,23.10726,23.10957,2
2024-01-08 01:51:12,23.1083,23.11061,6
2024-01-08 01:51:18,23.10903,23.11134,8
2024-01-08 01:51:24,23.10933,23.11164,3
2024-01-08 01:51:30,23.10681,23.10912,4
2024-01-08 01:51:36,23.10744,23.10975,9
2024-01-08 01:51:42,23.10795,23.11026,8
2024-01-08 01:51:48,23.10719,23.1095,5
2024-01-08 01:51:54,23.10721,23.10952,1
2024-01-08 01:52:00,23.10725,23.10956,8
2024-01-08 01:52:06,23.10722,23.10953,1
2024-01-08 01:52:12,23.10777,23.11008,1
2024-01-08 01:52:18,23.10812,23.11043,7
2024-01-08 01:52:24,23.10635,23.10866,8
2024-01-08 01:52:30,23.10702,23.10934,7
2024-01-08 01:52:36,23.10775,23.11006,4
2024-01-08 01:52:42,23.10726,23.10957,3
2024-01-08 01:52:48,23.10712,23.10943,4
2024-01-08 01:52:54,23.10558,23.10789,4
2024-01-08 01:53:00,23.10905,23.11136,5
2024-01-08 01:53:06,23.10798,23.1103,6
2024-01-08 01:53:12,23.10651,23.10882,1
2024-01-08 01:53:18,23.10694,23.10925,4
2024-01-08 01:53:24,23.10505,23.10736,4
2024-01-08 01:53:30,23.10769,23.11,1
2024-01-08 01:53:36,23.10763,23.10994,5
2024-01-08 01:53:42,23.1075,23.10981,4
2024-01-08 01:53:48,23.10874,23.11105,2
2024-01-08 01:53:54,23.10751,23.10982,7
2024-01-08 01:54:00,23.10839,23.1107,6
2024-01-08 01:54:06,23.10703,23.10935,9
2024-01-08 01:54:12,23.10919,23.1115,6
2024-01-08 01:54:18,23.10594,23.10825,7
2024-01-08 01:54:24,23.10669,23.109,8
2024-01-08 01:54:30,23.10685,23.10916,8
2024-01-08 01:54:36,23.10633,23.10864,6
2024-01-08 01:54:42,23.10607,23.10838,8
2024-01-08 01:54:48,23.10655,23.10886,1
2024-01-08 01:54:54,23.1048,23.10711,9
2024-01-08 01:55:00,23.10885,23.11116,2
2024-01-08 01:55:06,23.10613,23.10844,6
2024-01-08 01:55:12,23.10613,23.10844,7
2024-01-08 01:55:18,23.1073,23.10961,7
2024-01-08 01:55:24,23.10568,23.108,5
2024-01-08 01:55:30,23.10767,23.10998,3
2024-01-08 01:55:36,23.10725,23.10956,3
2024-01-08 01:55:42,23.10609,23.1084,5
2024-01-08 01:55:48,23.10544,23.10776,3
2024-01-08 01:55:54,23.10584,23.10815,7
2024-01-08 01:56:00,23.10844,23.11075,6
2024-01-08 01:56:06,23.10569,23.108,5
2024-01-08 01:56:12,23.10769,23.11,6
2024-01-08 01:56:18,23.10807,23.11038,6
2024-01-08 01:56:24,23.10833,23.11065,1
2024-01-08 01:56:30,23.10558,23.10789,6
2024-01-08 01:56:36,23.10669,23.109,2
2024-01-08 01:56:42,23.1085,23.11082,8
2024-01-08 01:56:48,23.10844,23.11075,4
2024-01-08 01:56:54,23.10784,23.11015,3
2024-01-08 01:57:00,23.10432,23.10663,4
2024-01-08 01:57:06,23.10644,23.10875,7
2024-01-08 01:57:12,23.10696,23.10927,1
2024-01-08 01:57:18,23.10634,23.10865,4
2024-01-08 01:57:24,23.10648,23.10879,9
2024-01-08 01:57:30,23.10677,23.10908,3
2024-01-08 01:57:36,23.10744,23.10975,1
2024-01-08 01:57:42,23.10756,23.10987,6
2024-01-08 01:57:48,23.10785,23.11016,6
2024-01-08 01:57:54,23.10827,23.11058,5
2024-01-08 01:58:00,23.10651,23.10882,3
2024-01-08 01:58:06,23.10518,23.10749,3
2024-01-08 01:58:12,23.10592,23.10823,6
2024-01-08 01:58:18,23.10468,23.10699,3
2024-01-08 01:58:24,23.10634,23.10865,7
2024-01-08 01:58:30,23.1082,23.11051,6
2024-01-08 01:58:36,23.10722,23.10953,8
2024-01-08 01:58:42,23.10688,23.10919,4
2024-01-08 01:58:48,23.10742,23.10973,8
2024-01-08 01:58:54,23.10694,23.10926,6
2024-01-08 01:59:00,23.10564,23.10795,6
2024-01-08 01:59:06,23.10612,23.10843,7
2024-01-08 01:59:12,23.10616,23.10847,5
2024-01-08 01:59:18,23.1055,23.10781,7
2024-01-08 01:59:24,23.10645,23.10876,6
2024-01-08 01:59:30,23.10802,23.11033,2
2024-01-08 01:59:36,23.10517,23.10748,5
2024-01-08 01:59:42,23.10555,23.10786,6
2024-01-08 01:59:48,23.10638,23.10869,5
2024-01-08 01:59:54,23.10753,23.10984,8
2024-01-08 02:00:00,23.10574,23.10805,8
2024-01-08 02:00:06,23.10947,23.11178,2
2024-01-08 02:00:12,23.10728,23.10959,1
2024-01-08 02:00:18,23.10825,23.11056,7
2024-01-08 02:00:24,23.104,23.10631,6
2024-01-08 02:00:30,23.10787,23.11019,2
2024-01-08 02:00:36,23.1052,23.10751,7
2024-01-08 02:00:42,23.10664,23.10895,9
2024-01-08 02:00:48,23.10564,23.10795,3
2024-01-08 02:00:54,23.10849,23.11081,8
2024-01-08 02:01:00,23.10653,23.10884,2
2024-01-08 02:01:06,23.10637,23.10868,7
2024-01-08 02:01:12,23.10756,23.10987,6
2024-01-08 02:01:18,23.10646,23.10877,7
2024-01-08 02:01:24,23.10616,23.10847,4
2024-01-08 02:01:30,23.1064,23.10871,3
2024-01-08 02:01:36,23.10598,23.10829,9
2024-01-08 02:01:42,23.1069,23.10921,9
2024-01-08 02:01:48,23.10695,23.10926,4
2024-01-08 02:01:54,23.10759,23.1099,4
2024-01-08 02:02:00,23.1062,23.10851,2
2024-01-08 02:02:06,23.10451,23.10682,8
2024-01-08 02:02:12,23.10504,23.10735,3
2024-01-08 02:02:18,23.10632,23.10863,7
2024-01-08 02:02:24,23.1063,23.10861,4
2024-01-08 02:02:30,23.10591,23.10822,1
2024-01-08 02:02:36,23.10754,23.10986,1
2024-01-08 02:02:42,23.10674,23.10905,7
2024-01-08 02:02:48,23.1062,23.10851,9
2024-01-08 02:02:54,23.10644,23.10875,3
2024-01-08 02:03:00,23.10497,23.10728,3
2024-01-08 02:03:06,23.10777,23.11008,6
2024-01-08 02:03:12,23.1055,23.10781,9
2024-01-08 02:03:18,23.10674,23.10905,8
2024-01-08 02:03:24,23.10769,23.11,7
2024-01-08 02:03:30,23.10499,23.1073,6
2024-01-08 02:03:36,23.10624,23.10855,5
2024-01-08 02:03:42,23.10448,23.10679,4
2024-01-08 02:03:48,23.1088,23.11111,8
2024-01-08 02:03:54,23.10704,23.10936,3
2024-01-08 02:04:00,23.10704,23.10935,3
2024-01-08 02:04:06,23.10542,23.10773,3
2024-01-08 02:04:12,23.10531,23.10762,9
2024-01-08 02:04:18,23.10551,23.10782,3
2024-01-08 02:04:24,23.10424,23.10655,6
2024-01-08 02:04:30,23.10714,23.10945,6
2024-01-08 02:04:36,23.10346,23.10577,8
2024-01-08 02:04:42,23.10605,23.10836,1
2024-01-08 02:04:48,23.10768,23.10999,3
2024-01-08 02:04:54,23.10695,23.10926,3
2024-01-08 02:05:00,23.10683,23.10914,1
2024-01-08 02:05:06,23.10566,23.10797,9
2024-01-08 02:05:12,23.10907,23.11138,8
2024-01-08 02:05:18,23.10535,23.10766,1
2024-01-08 02:05:24,23.10525,23.10756,1
2024-01-08 02:05:30,23.10571,23.10802,7
2024-01-08 02:05:36,23.10623,23.10854,1
2024-01-08 02:05:42,23.10638,23.10869,9
2024-01-08 02:05:48,23.10547,23.10778,3
2024-01-08 02:05:54,23.10717,23.10949,2
2024-01-08 02:06:00,23.10602,23.10833,4
2024-01-08 02:06:06,23.1085,23.11081,6
2024-01-08 02:06:12,23.1066,23.10891,8
2024-01-08 02:06:18,23.10449,23.1068,8
2024-01-08 02:06:24,23.1081,23.11041,1
2024-01-08 02:06:30,23.10681,23.10912,3
2024-01-08 02:06:36,23.10585,23.10816,6
2024-01-08 02:06:42,23.10459,23.1069,7
2024-01-08 02:06:48,23.10665,23.10896,2
2024-01-08 02:06:54,23.10721,23.10952,9
2024-01-08 02:07:00,23.10788,23.11019,6
2024-01-08 02:07:06,23.10925,23.11157,2
2024-01-08 02:07:12,23.10614,23.10845,3
2024-01-08 02:07:18,23.10547,23.10778,6
2024-01-08 02:07:24,23.10668,23.10899,3
2024-01-08 02:07:30,23.10528,23.10759,5
2024-01-08 02:07:36,23.10586,23.10817,1
2024-01-08 02:07:42,23.10546,23.10777,7
2024-01-08 02:07:48,23.10745,23.10976,1
2024-01-08 02:07:54,23.10432,23.10663,7
2024-01-08 02:08:00,23.10667,23.10898,4
2024-01-08 02:08:06,23.10755,23.10986,4
2024-01-08 02:08:12,23.10572,23.10804,6
2024-01-08 02:08:18,23.10692,23.10923,9
2024-01-08 02:08:24,23.10402,23.10633,3
2024-01-08 02:08:30,23.10467,23.10698,8
2024-01-08 02:08:36,23.10589,23.1082,8
2024-01-08 02:08:42,23.10582,23.10813,8
2024-01-08 02:08:48,23.10599,23.1083,1
2024-01-08 02:08:54,23.10635,23.10866,1
2024-01-08 02:09:00,23.10633,23.10864,7
2024-01-08 02:09:06,23.1075,23.10981,7
2024-01-08 02:09:12,23.10571,23.10802,5
2024-01-08 02:09:18,23.10649,23.1088,3
2024-01-08 02:09:24,23.10751,23.10982,6
2024-01-08 02:09:30,23.10553,23.10784,3
2024-01-08 02:09:36,23.10403,23.10634,1
2024-01-08 02:09:42,23.10564,23.10795,7
2024-01-08 02:09:48,23.10747,23.10978,4
2024-01-08 02:09:54,23.10879,23.11111,2
2024-01-08 02:10:00,23.10575,23.10806,8
2024-01-08 02:10:06,23.10628,23.10859,6
2024-01-08 02:10:12,23.1061,23.10841,4
2024-01-08 02:10:18,23.10582,23.10813,7
2024-01-08 02:10:24,23.10589,23.1082,3
2024-01-08 02:10:30,23.10685,23.10916,1
2024-01-08 02:10:36,23.10485,23.10716,1
2024-01-08 02:10:42,23.10451,23.10682,9
2024-01-08 02:10:48,23.10595,23.10826,7
2024-01-08 02:10:54,23.10591,23.10822,8
2024-01-08 02:11:00,23.10409,23.1064,5
2024-01-08 02:11:06,23.10408,23.10639,7
2024-01-08 02:11:12,23.10505,23.10736,9
2024-01-08 02:11:18,23.10577,23.10808,4
2024-01-08 02:11:24,23.1072,23.10951,6
2024-01-08 02:11:30,23.10473,23.10704,8
2024-01-08 02:11:36,23.10657,23.10888,9
2024-01-08 02:11:42,23.10464,23.10695,7
2024-01-08 02:11:48,23.10484,23.10715,5
2024-01-08 02:11:54,23.10729,23.1096,7
2024-01-08 02:12:00,23.10481,23.10712,1
2024-01-08 02:12:06,23.10538,23.10769,4
2024-01-08 02:12:12,23.10309,23.1054,5
2024-01-08 02:12:18,23.10454,23.10685,4
2024-01-08 02:12:24,23.10457,23.10688,7
2024-01-08 02:12:30,23.10478,23.10709,9
2024-01-08 02:12:36,23.10427,23.10659,4
2024-01-08 02:12:42,23.10423,23.10654,3
2024-01-08 02:12:48,23.10608,23.10839,4
2024-01-08 02:12:54,23.10515,23.10746,2
2024-01-08 02:13:00,23.10487,23.10718,9
2024-01-08 02:13:06,23.10534,23.10765,9
2024-01-08 02:13:12,23.10462,23.10693,8
2024-01-08 02:13:18,23.10605,23.10836,8
2024-01-08 02:13:24,23.10507,23.10738,5
2024-01-08 02:13:30,23.10466,23.10697,8
2024-01-08 02:13:36,23.1043,23.10661,2
2024-01-08 02:13:42,23.1033,23.10561,1
2024-01-08 02:13:48,23.10314,23.10545,9
2024-01-08 02:13:54,23.10514,23.10745,1
2024-01-08 02:14:00,23.10545,23.10776,2
2024-01-08 02:14:06,23.10579,23.1081,5
2024-01-08 02:14:12,23.10517,23.10748,6
2024-01-08 02:14:18,23.10516,23.10747,7
2024-01-08 02:14:24,23.10539,23.1077,1
2024-01-08 02:14:30,23.10271,23.10502,3
2024-01-08 02:14:36,23.10679,23.1091,6
2024-01-08 02:14:42,23.10267,23.10498,4
2024-01-08 02:14:48,23.10434,23.10665,6
2024-01-08 02:14:54,23.10415,23.10646,7
2024-01-08 02:15:00,23.10501,23.10732,5
2024-01-08 02:15:06,23.10371,23.10602,2
2024-01-08 02:15:12,23.10519,23.1075,6
2024-01-08 02:15:18,23.10283,23.10514,8
2024-01-08 02:15:24,23.10477,23.10708,1
2024-01-08 02:15:30,23.10609,23.1084,6
2024-01-08 02:15:36,23.10515,23.10746,1
2024-01-08 02:15:42,23.10664,23.10895,1
2024-01-08 02:15:48,23.10328,23.10559,5
2024-01-08 02:15:54,23.10523,23.10754,8
2024-01-08 02:16:00,23.10484,23.10715,5
2024-01-08 02:16:06,23.10397,23.10628,3
2024-01-08 02:16:12,23.1044,23.10671,9
2024-01-08 02:16:18,23.10533,23.10764,2
2024-01-08 02:16:24,23.10641,23.10872,9
2024-01-08 02:16:30,23.10475,23.10707,6
2024-01-08 02:16:36,23.10543,23.10774,9
2024-01-08 02:16:42,23.10192,23.10423,7
2024-01-08 02:16:48,23.10434,23.10665,5
2024-01-08 02:16:54,23.10511,23.10742,1
2024-01-08 02:17:00,23.10351,23.10582,3
2024-01-08 02:17:06,23.10488,23.10719,6
2024-01-08 02:17:12,23.10621,23.10852,4
2024-01-08 02:17:18,23.10573,23.10804,3
2024-01-08 02:17:24,23.10517,23.10748,1
2024-01-08 02:17:30,23.10408,23.10639,8
2024-01-08 02:17:36,23.10439,23.1067,2
2024-01-08 02:17:42,23.10351,23.10583,6
2024-01-08 02:17:48,23.10407,23.10638,2
2024-01-08 02:17:54,23.10474,23.10705,7
2024-01-08 02:18:00,23.10272,23.10503,4
2024-01-08 02:18:06,23.10534,23.10765,7
2024-01-08 02:18:12,23.10348,23.10579,9
2024-01-08 02:18:18,23.10303,23.10534,1
2024-01-08 02:18:24,23.10732,23.10963,3
2024-01-08 02:18:30,23.10448,23.10679,5
2024-01-08 02:18:36,23.10162,23.10393,3
2024-01-08 02:18:42,23.10257,23.10488,6
2024-01-08 02:18:48,23.10555,23.10786,7
2024-01-08 02:18:54,23.10478,23.10709,3
2024-01-08 02:19:00,23.10649,23.1088,8
2024-01-08 02:19:06,23.10327,23.10558,3
2024-01-08 02:19:12,23.10378,23.10609,8
2024-01-08 02:19:18,23.10556,23.10788,6
2024-01-08 02:19:24,23.10458,23.10689,5
2024-01-08 02:19:30,23.10314,23.10545,9
2024-01-08 02:19:36,23.10364,23.10595,6
2024-01-08 02:19:42,23.10435,23.10667,3
2024-01-08 02:19:48,23.10317,23.10548,4
2024-01-08 02:19:54,23.10577,23.10808,2
2024-01-08 02:20:00,23.1033,23.10561,5
2024-01-08 02:20:06,23.10331,23.10562,8
2024-01-08 02:20:12,23.10248,23.10479,3
2024-01-08 02:20:18,23.10448,23.10679,1
2024-01-08 02:20:24,23.10258,23.10489,9
2024-01-08 02:20:30,23.10448,23.10679,9
2024-01-08 02:20:36,23.1042,23.10652,7
2024-01-08 02:20:42,23.10453,23.10684,2
2024-01-08 02:20:48,23.10473,23.10704,6
2024-01-08 02:20:54,23.10278,23.10509,1
2024-01-08 02:21:00,23.10385,23.10617,8
2024-01-08 02:21:06,23.10559,23.1079,2
2024-01-08 02:21:12,23.10312,23.10543,1
2024-01-08 02:21:18,23.10396,23.10627,3
2024-01-08 02:21:24,23.103,23.10531,8
2024-01-08 02:21:30,23.1045,23.10681,7
2024-01-08 02:21:36,23.10385,23.10616,7
2024-01-08 02:21:42,23.10453,23.10684,2
2024-01-08 02:21:48,23.10387,23.10618,4
2024-01-08 02:21:54,23.10213,23.10444,4
2024-01-08 02:22:00,23.10421,23.10652,9
2024-01-08 02:22:06,23.10476,23.10707,7
2024-01-08 02:22:12,23.10328,23.10559,3
2024-01-08 02:22:18,23.10384,23.10615,4
2024-01-08 02:22:24,23.10424,23.10655,8
2024-01-08 02:22:30,23.10206,23.10437,1
2024-01-08 02:22:36,23.10391,23.10622,5
2024-01-08 02:22:42,23.10529,23.1076,2
2024-01-08 02:22:48,23.10299,23.1053,5
2024-01-08 02:22:54,23.10476,23.10707,9
2024-01-08 02:23:00,23.10276,23.10507,3
2024-01-08 02:23:06,23.10453,23.10684,6
2024-01-08 02:23:12,23.10213,23.10444,6
2024-01-08 02:23:18,23.10457,23.10688,4
2024-01-08 02:23:24,23.10342,23.10573,1
2024-01-08 02:23:30,23.10357,23.10588,3
2024-01-08 02:23:36,23.10334,23.10566,8
2024-01-08 02:23:42,23.10508,23.10739,8
2024-01-08 02:23:48,23.10273,23.10504,3
2024-01-08 02:23:54,23.10391,23.10623,9
2024-01-08 02:24:00,23.10279,23.1051,9
2024-01-08 02:24:06,23.1039,23.10622,7
2024-01-08 02:24:12,23.10654,23.10885,4
2024-01-08 02:24:18,23.1039,23.10621,3
2024-01-08 02:24:24,23.10291,23.10522,6
2024-01-08 02:24:30,23.1028,23.10511,1
2024-01-08 02:24:36,23.1069,23.10921,3
2024-01-08 02:24:42,23.10508,23.10739,7
2024-01-08 02:24:48,23.10438,23.10669,7
2024-01-08 02:24:54,23.1034,23.10571,3
2024-01-08 02:25:00,23.10437,23.10668,2
2024-01-08 02:25:06,23.1024,23.10471,4
2024-01-08 02:25:12,23.10587,23.10818,2
2024-01-08 02:25:18,23.10373,23.10604,3
2024-01-08 02:25:24,23.10729,23.1096,9
2024-01-08 02:25:30,23.10528,23.10759,7
2024-01-08 02:25:36,23.10622,23.10853,2
2024-01-08 02:25:42,23.10367,23.10598,3
2024-01-08 02:25:48,23.10183,23.10414,7
2024-01-08 02:25:54,23.10245,23.10476,6
2024-01-08 02:26:00,23.10433,23.10664,8
2024-01-08 02:26:06,23.10322,23.10553,5
2024-01-08 02:26:12,23.10384,23.10615,1
2024-01-08 02:26:18,23.10369,23.106,5
2024-01-08 02:26:24,23.10233,23.10464,9
2024-01-08 02:26:30,23.10499,23.1073,2
2024-01-08 02:26:36,23.10453,23.10684,7
2024-01-08 02:26:42,23.10392,23.10623,4
2024-01-08 02:26:48,23.10257,23.10488,7
2024-01-08 02:26:54,23.10238,23.10469,2
2024-01-08 02:27:00,23.10444,23.10675,9
2024-01-08 02:27:06,23.10221,23.10452,7
2024-01-08 02:27:12,23.10304,23.10535,2
2024-01-08 02:27:18,23.10144,23.10375,2
2024-01-08 02:27:24,23.1036,23.10591,3
2024-01-08 02:27:30,23.10427,23.10658,6
2024-01-08 02:27:36,23.10034,23.10265,1
2024-01-08 02:27:42,23.10297,23.10528,2
2024-01-08 02:27:48,23.10401,23.10633,2
2024-01-08 02:27:54,23.10155,23.10386,5
2024-01-08 02:28:00,23.10611,23.10842,8
2024-01-08 02:28:06,23.10194,23.10425,8
2024-01-08 02:28:12,23.10259,23.1049,7
2024-01-08 02:28:18,23.10319,23.1055,1
2024-01-08 02:28:24,23.10421,23.10652,6
2024-01-08 02:28:30,23.10467,23.10698,4
2024-01-08 02:28:36,23.10387,23.10618,8
2024-01-08 02:28:42,23.10315,23.10546,3
2024-01-08 02:28:48,23.10374,23.10605,3
2024-01-08 02:28:54,23.10455,23.10686,1
2024-01-08 02:29:00,23.10439,23.1067,4
2024-01-08 02:29:06,23.10545,23.10776,3
2024-01-08 02:29:12,23.10297,23.10529,6
2024-01-08 02:29:18,23.10486,23.10717,8
2024-01-08 02:29:24,23.10311,23.10542,6
2024-01-08 02:29:30,23.10393,23.10624,9
2024-01-08 02:29:36,23.10382,23.10613,9
2024-01-08 02:29:42,23.10434,23.10665,6
2024-01-08 02:29:48,23.10168,23.10399,3
2024-01-08 02:29:54,23.10329,23.1056,8
2024-01-08 02:30:00,23.10489,23.1072,2
2024-01-08 02:30:06,23.10273,23.10504,1
2024-01-08 02:30:12,23.10402,23.10633,4
2024-01-08 02:30:18,23.10453,23.10684,4
2024-01-08 02:30:24,23.10221,23.10452,6
2024-01-08 02:30:30,23.10161,23.10392,8
2024-01-08 02:30:36,23.10374,23.10605,5
2024-01-08 02:30:42,23.10453,23.10684,7
2024-01-08 02:30:48,23.102,23.10431,7
2024-01-08 02:30:54,23.10224,23.10455,3
2024-01-08 02:31:00,23.10438,23.10669,3
2024-01-08 02:31:06,23.10505,23.10736,5
2024-01-08 02:31:12,23.10551,23.10782,4
2024-01-08 02:31:18,23.10313,23.10544,3
2024-01-08 02:31:24,23.10537,23.10768,6
2024-01-08 02:31:30,23.10374,23.10605,1
2024-01-08 02:31:36,23.10457,23.10688,2
2024-01-08 02:31:42,23.10281,23.10512,5
2024-01-08 02:31:48,23.10208,23.10439,7
2024-01-08 02:31:54,23.10284,23.10515,1
2024-01-08 02:32:00,23.10339,23.1057,3
2024-01-08 02:32:06,23.10398,23.10629,7
2024-01-08 02:32:12,23.104,23.10631,8
2024-01-08 02:32:18,23.10462,23.10693,2
2024-01-08 02:32:24,23.10354,23.10585,5
2024-01-08 02:32:30,23.10316,23.10547,4
2024-01-08 02:32:36,23.10293,23.10524,5
2024-01-08 02:32:42,23.10338,23.10569,1
2024-01-08 02:32:48,23.10376,23.10607,5
2024-01-08 02:32:54,23.10271,23.10502,4
2024-01-08 02:33:00,23.10445,23.10676,5
2024-01-08 02:33:06,23.10392,23.10623,3
2024-01-08 02:33:12,23.10288,23.10519,9
2024-01-08 02:33:18,23.10145,23.10376,2
2024-01-08 02:33:24,23.10413,23.10644,5
2024-01-08 02:33:30,23.10467,23.10698,2
2024-01-08 02:33:36,23.10395,23.10626,7
2024-01-08 02:33:42,23.10379,23.1061,2
2024-01-08 02:33:48,23.10205,23.10436,3
2024-01-08 02:33:54,23.10351,23.10582,6
2024-01-08 02:34:00,23.10541,23.10772,9
2024-01-08 02:34:06,23.10249,23.1048,7
2024-01-08 02:34:12,23.10452,23.10683,9
2024-01-08 02:34:18,23.10353,23.10584,3
2024-01-08 02:34:24,23.10335,23.10566,1
2024-01-08 02:34:30,23.10495,23.10726,6
2024-01-08 02:34:36,23.10234,23.10466,4
2024-01-08 02:34:42,23.10322,23.10553,6
2024-01-08 02:34:48,23.10431,23.10662,9
2024-01-08 02:34:54,23.10109,23.1034,2
2024-01-08 02:35:00,23.10186,23.10417,8
2024-01-08 02:35:06,23.10504,23.10735,2
2024-01-08 02:35:12,23.10431,23.10662,2
2024-01-08 02:35:18,23.1054,23.10771,9
2024-01-08 02:35:24,23.10207,23.10438,7
2024-01-08 02:35:30,23.10397,23.10628,6
2024-01-08 02:35:36,23.10314,23.10546,3
2024-01-08 02:35:42,23.10242,23.10473,3
2024-01-08 02:35:48,23.10413,23.10644,3
2024-01-08 02:35:54,23.10505,23.10736,9
2024-01-08 02:36:00,23.10367,23.10598,3
2024-01-08 02:36:06,23.10132,23.10363,6
2024-01-08 02:36:12,23.10277,23.10508,2
2024-01-08 02:36:18,23.10137,23.10368,3
2024-01-08 02:36:24,23.10231,23.10462,1
2024-01-08 02:36:30,23.10395,23.10626,9
2024-01-08 02:36:36,23.10261,23.10492,9
2024-01-08 02:36:42,23.10363,23.10594,1
2024-01-08 02:36:48,23.10019,23.1025,5
2024-01-08 02:36:54,23.10527,23.10758,2
2024-01-08 02:37:00,23.10078,23.1031,9
2024-01-08 02:37:06,23.10203,23.10435,3
2024-01-08 02:37:12,23.10231,23.10462,7
2024-01-08 02:37:18,23.10166,23.10397,8
2024-01-08 02:37:24,23.10334,23.10565,9
2024-01-08 02:37:30,23.10288,23.10519,9
2024-01-08 02:37:36,23.10194,23.10425,4
2024-01-08 02:37:42,23.10584,23.10815,1
2024-01-08 02:37:48,23.10058,23.10289,2
2024-01-08 02:37:54,23.10219,23.1045,3
2024-01-08 02:38:00,23.10173,23.10404,4
2024-01-08 02:38:06,23.10401,23.10632,1
2024-01-08 02:38:12,23.1021,23.10441,1
2024-01-08 02:38:18,23.10387,23.10618,6
2024-01-08 02:38:24,23.10268,23.105,2
2024-01-08 02:38:30,23.10303,23.10534,9
2024-01-08 02:38:36,23.10326,23.10557,4
2024-01-08 02:38:42,23.10158,23.10389,5
2024-01-08 02:38:48,23.10386,23.10617,8
2024-01-08 02:38:54,23.10332,23.10563,6
2024-01-08 02:39:00,23.1011,23.10341,2
2024-01-08 02:39:06,23.10189,23.1042,1
2024-01-08 02:39:12,23.1019,23.10421,8
2024-01-08 02:39:18,23.10305,23.10536,5
2024-01-08 02:39:24,23.10266,23.10497,3
2024-01-08 02:39:30,23.10256,23.10487,7
2024-01-08 02:39:36,23.10031,23.10262,4
2024-01-08 02:39:42,23.10241,23.10472,8
2024-01-08 02:39:48,23.10356,23.10588,2
2024-01-08 02:39:54,23.10239,23.1047,5
2024-01-08 02:40:00,23.10097,23.10328,1
2024-01-08 02:40:06,23.10356,23.10588,1
2024-01-08 02:40:12,23.10243,23.10474,6
2024-01-08 02:40:18,23.10218,23.10449,9
2024-01-08 02:40:24,23.10059,23.1029,4
2024-01-08 02:40:30,23.10198,23.10429,1
2024-01-08 02:40:36,23.10393,23.10624,8
2024-01-08 02:40:42,23.10078,23.10309,2
2024-01-08 02:40:48,23.10131,23.10362,4
2024-01-08 02:40:54,23.10129,23.1036,3
2024-01-08 02:41:00,23.10143,23.10374,2
2024-01-08 02:41:06,23.10195,23.10426,4
2024-01-08 02:41:12,23.10312,23.10543,4
2024-01-08 02:41:18,23.10055,23.10286,1
2024-01-08 02:41:24,23.10386,23.10618,1
2024-01-08 02:41:30,23.1018,23.10411,8
2024-01-08 02:41:36,23.10178,23.10409,2
2024-01-08 02:41:42,23.1021,23.10441,6
2024-01-08 02:41:48,23.1021,23.10441,1
2024-01-08 02:41:54,23.10089,23.1032,9
2024-01-08 02:42:00,23.10105,23.10336,3
2024-01-08 02:42:06,23.10337,23.10568,2
2024-01-08 02:42:12,23.10505,23.10736,6
2024-01-08 02:42:18,23.10347,23.10578,1
2024-01-08 02:42:24,23.10168,23.10399,5
2024-01-08 02:42:30,23.10133,23.10364,6
2024-01-08 02:42:36,23.10065,23.10296,5
2024-01-08 02:42:42,23.10384,23.10616,7
2024-01-08 02:42:48,23.10382,23.10613,8
2024-01-08 02:42:54,23.10276,23.10507,1
2024-01-08 02:43:00,23.10274,23.10505,9
2024-01-08 02:43:06,23.10175,23.10406,3
2024-01-08 02:43:12,23.09958,23.10189,9
2024-01-08 02:43:18,23.10221,23.10452,5
2024-01-08 02:43:24,23.1033,23.10561,4
2024-01-08 02:43:30,23.10007,23.10238,3
2024-01-08 02:43:36,23.10313,23.10544,2
2024-01-08 02:43:42,23.10049,23.1028,8
2024-01-08 02:43:48,23.10176,23.10407,7
2024-01-08 02:43:54,23.10188,23.10419,1
2024-01-08 02:44:00,23.1005,23.10281,5
2024-01-08 02:44:06,23.10293,23.10524,1
2024-01-08 02:44:12,23.10195,23.10426,7
2024-01-08 02:44:18,23.10256,23.10487,6
2024-01-08 02:44:24,23.10226,23.10457,2
2024-01-08 02:44:30,23.10158,23.10389,3
2024-01-08 02:44:36,23.10008,23.10239,4
2024-01-08 02:44:42,23.1005,23.10281,9
2024-01-08 02:44:48,23.09901,23.10132,2
2024-01-08 02:44:54,23.10146,23.10377,3
2024-01-08 02:45:00,23.10152,23.10383,5
2024-01-08 02:45:06,23.1022,23.10451,3
2024-01-08 02:45:12,23.10142,23.10373,9
2024-01-08 02:45:18,23.09979,23.1021,5
2024-01-08 02:45:24,23.10116,23.10347,8
2024-01-08 02:45:30,23.10047,23.10278,1
2024-01-08 02:45:36,23.10171,23.10402,1
2024-01-08 02:45:42,23.10338,23.10569,2
2024-01-08 02:45:48,23.10188,23.10419,3
2024-01-08 02:45:54,23.09983,23.10214,6
2024-01-08 02:46:00,23.09798,23.10029,1
2024-01-08 02:46:06,23.10012,23.10243,7
2024-01-08 02:46:12,23.10082,23.10313,4
2024-01-08 02:46:18,23.10271,23.10503,7
2024-01-08 02:46:24,23.10274,23.10505,3
2024-01-08 02:46:30,23.10278,23.10509,2
2024-01-08 02:46:36,23.10062,23.10293,5
2024-01-08 02:46:42,23.09978,23.10209,3
2024-01-08 02:46:48,23.10374,23.10605,5
2024-01-08 02:46:54,23.09975,23.10206,4
2024-01-08 02:47:00,23.10108,23.10339,3
2024-01-08 02:47:06,23.10087,23.10318,7
2024-01-08 02:47:12,23.10005,23.10236,6
2024-01-08 02:47:18,23.10065,23.10296,2
2024-01-08 02:47:24,23.1006,23.10291,5
2024-01-08 02:47:30,23.10163,23.10394,4
2024-01-08 02:47:36,23.10033,23.10264,5
2024-01-08 02:47:42,23.10261,23.10492,1
2024-01-08 02:47:48,23.10056,23.10287,7
2024-01-08 02:47:54,23.09993,23.10224,7
2024-01-08 02:48:00,23.1014,23.10371,3
2024-01-08 02:48:06,23.10259,23.1049,1
2024-01-08 02:48:12,23.10067,23.10298,3
2024-01-08 02:48:18,23.10135,23.10366,7
2024-01-08 02:48:24,23.10053,23.10284,3
2024-01-08 02:48:30,23.10274,23.10505,1
2024-01-08 02:48:36,23.09975,23.10206,4
2024-01-08 02:48:42,23.10029,23.1026,2
2024-01-08 02:48:48,23.10246,23.10477,9
2024-01-08 02:48:54,23.10172,23.10403,5
2024-01-08 02:49:00,23.09773,23.10004,2
2024-01-08 02:49:06,23.1024,23.10471,4
2024-01-08 02:49:12,23.10099,23.1033,3
2024-01-08 02:49:18,23.10009,23.1024,2
2024-01-08 02:49:24,23.10154,23.10385,7
2024-01-08 02:49:30,23.10188,23.10419,3
2024-01-08 02:49:36,23.10173,23.10404,7
2024-01-08 02:49:42,23.10001,23.10232,7
2024-01-08 02:49:48,23.09997,23.10228,9
2024-01-08 02:49:54,23.10053,23.10284,4
2024-01-08 02:50:00,23.10039,23.1027,2
2024-01-08 02:50:06,23.10429,23.1066,7
2024-01-08 02:50:12,23.09972,23.10203,5
2024-01-08 02:50:18,23.10179,23.1041,5
2024-01-08 02:50:24,23.10044,23.10275,4
2024-01-08 02:50:30,23.1005,23.10281,1
2024-01-08 02:50:36,23.10177,23.10408,3
2024-01-08 02:50:42,23.10005,23.10236,8
2024-01-08 02:50:48,23.10261,23.10492,2
2024-01-08 02:50:54,23.10204,23.10435,6
2024-01-08 02:51:00,23.10143,23.10374,6
2024-01-08 02:51:06,23.10085,23.10316,9
2024-01-08 02:51:12,23.10071,23.10302,5
2024-01-08 02:51:18,23.10017,23.10248,1
2024-01-08 02:51:24,23.09988,23.10219,1
2024-01-08 02:51:30,23.10229,23.1046,8
2024-01-08 02:51:36,23.10197,23.10428,1
2024-01-08 02:51:42,23.10053,23.10284,9
2024-01-08 02:51:48,23.09997,23.10228,3
2024-01-08 02:51:54,23.10243,23.10474,3
2024-01-08 02:52:00,23.09812,23.10043,3
2024-01-08 02:52:06,23.10053,23.10284,5
2024-01-08 02:52:12,23.1012,23.10351,2
2024-01-08 02:52:18,23.10003,23.10234,5
2024-01-08 02:52:24,23.09956,23.10187,9
2024-01-08 02:52:30,23.10042,23.10273,8
2024-01-08 02:52:36,23.0998,23.10211,2
2024-01-08 02:52:42,23.09906,23.10137,2
2024-01-08 02:52:48,23.10147,23.10378,9
2024-01-08 02:52:54,23.102,23.10431,3
2024-01-08 02:53:00,23.10136,23.10367,1
2024-01-08 02:53:06,23.10072,23.10303,5
2024-01-08 02:53:12,23.10138,23.10369,9
2024-01-08 02:53:18,23.10116,23.10347,1
2024-01-08 02:53:24,23.10113,23.10344,6
2024-01-08 02:53:30,23.09944,23.10175,8
2024-01-08 02:53:36,23.09986,23.10217,2
2024-01-08 02:53:42,23.09956,23.10187,4
2024-01-08 02:53:48,23.09787,23.10018,3
2024-01-08 02:53:54,23.09849,23.1008,8
2024-01-08 02:54:00,23.10042,23.10273,6
2024-01-08 02:54:06,23.10167,23.10398,5
2024-01-08 02:54:12,23.09947,23.10178,2
2024-01-08 02:54:18,23.10271,23.10502,9
2024-01-08 02:54:24,23.09996,23.10227,1
2024-01-08 02:54:30,23.10105,23.10336,6
2024-01-08 02:54:36,23.10193,23.10424,7
2024-01-08 02:54:42,23.10164,23.10395,7
2024-01-08 02:54:48,23.10088,23.10319,4
2024-01-08 02:54:54,23.10156,23.10387,4
2024-01-08 02:55:00,23.09949,23.1018,9
2024-01-08 02:55:06,23.10161,23.10392,4
2024-01-08 02:55:12,23.10032,23.10263,7
2024-01-08 02:55:18,23.10074,23.10305,8
2024-01-08 02:55:24,23.10194,23.10425,1
2024-01-08 02:55:30,23.09999,23.1023,2
2024-01-08 02:55:36,23.10209,23.1044,9
2024-01-08 02:55:42,23.10186,23.10417,6
2024-01-08 02:55:48,23.10014,23.10245,8
2024-01-08 02:55:54,23.10001,23.10232,1
2024-01-08 02:56:00,23.10221,23.10452,8
2024-01-08 02:56:06,23.10219,23.1045,8
2024-01-08 02:56:12,23.10008,23.10239,4
2024-01-08 02:56:18,23.09925,23.10156,3
2024-01-08 02:56:24,23.10043,23.10274,9
2024-01-08 02:56:30,23.09947,23.10178,9
2024-01-08 02:56:36,23.09831,23.10062,4
2024-01-08 02:56:42,23.09952,23.10183,8
2024-01-08 02:56:48,23.09953,23.10184,6
2024-01-08 02:56:54,23.09983,23.10214,4
2024-01-08 02:57:00,23.10194,23.10425,6
2024-01-08 02:57:06,23.10285,23.10516,5
2024-01-08 02:57:12,23.09985,23.10216,2
2024-01-08 02:57:18,23.10143,23.10374,4
2024-01-08 02:57:24,23.10221,23.10452,4
2024-01-08 02:57:30,23.09956,23.10187,3
2024-01-08 02:57:36,23.10038,23.10269,6
2024-01-08 02:57:42,23.1029,23.10521,5
2024-01-08 02:57:48,23.10024,23.10255,4
2024-01-08 02:57:54,23.09887,23.10118,4
2024-01-08 02:58:00,23.10069,23.103,3
2024-01-08 02:58:06,23.09912,23.10143,1
2024-01-08 02:58:12,23.10202,23.10433,8
2024-01-08 02:58:18,23.10043,23.10274,7
2024-01-08 02:58:24,23.09868,23.10099,5
2024-01-08 02:58:30,23.10022,23.10253,6
2024-01-08 02:58:36,23.10262,23.10493,8
2024-01-08 02:58:42,23.09914,23.10145,8
2024-01-08 02:58:48,23.10077,23.10308,2
2024-01-08 02:58:54,23.09967,23.10198,8
2024-01-08 02:59:00,23.09999,23.1023,4
2024-01-08 02:59:06,23.09911,23.10142,1
2024-01-08 02:59:12,23.0987,23.10101,7
2024-01-08 02:59:18,23.09892,23.10123,7
2024-01-08 02:59:24,23.09833,23.10064,9
2024-01-08 02:59:30,23.0994,23.10171,9
2024-01-08 02:59:36,23.10223,23.10454,9
2024-01-08 02:59:42,23.09939,23.1017,6
2024-01-08 02:59:48,23.10077,23.10308,5
2024-01-08 02:59:54,23.10342,23.10573,4
2024-01-08 03:00:00,23.10072,23.10303,7
2024-01-08 03:00:06,23.09964,23.10195,5
2024-01-08 03:00:12,23.10064,23.10295,1
2024-01-08 03:00:18,23.1007,23.10301,8
2024-01-08 03:00:24,23.09988,23.10219,5
2024-01-08 03:00:30,23.10169,23.104,8
2024-01-08 03:00:36,23.09946,23.10177,8
2024-01-08 03:00:42,23.09803,23.10034,1
2024-01-08 03:00:48,23.0984,23.10071,2
2024-01-08 03:00:54,23.10049,23.1028,9
2024-01-08 03:01:00,23.09964,23.10195,6
2024-01-08 03:01:06,23.10245,23.10476,2
2024-01-08 03:01:12,23.09858,23.10089,6
2024-01-08 03:01:18,23.10193,23.10424,3
2024-01-08 03:01:24,23.10028,23.10259,5
2024-01-08 03:01:30,23.09884,23.10115,9
2024-01-08 03:01:36,23.09956,23.10187,3
2024-01-08 03:01:42,23.10007,23.10238,6
2024-01-08 03:01:48,23.10041,23.10272,9
2024-01-08 03:01:54,23.1008,23.10311,7
2024-01-08 03:02:00,23.10125,23.10356,8
2024-01-08 03:02:06,23.10205,23.10436,6
2024-01-08 03:02:12,23.09984,23.10215,8
2024-01-08 03:02:18,23.09858,23.10089,3
2024-01-08 03:02:24,23.10127,23.10358,5
2024-01-08 03:02:30,23.10028,23.10259,7
2024-01-08 03:02:36,23.10102,23.10333,5
2024-01-08 03:02:42,23.10102,23.10333,5
2024-01-08 03:02:48,23.09986,23.10217,3
2024-01-08 03:02:54,23.09861,23.10092,3
2024-01-08 03:03:00,23.09956,23.10187,4
2024-01-08 03:03:06,23.1026,23.10491,7
2024-01-08 03:03:12,23.10013,23.10244,5
2024-01-08 03:03:18,23.09883,23.10114,9
2024-01-08 03:03:24,23.10141,23.10372,7
2024-01-08 03:03:30,23.1023,23.10461,6
2024-01-08 03:03:36,23.10061,23.10292,2
2024-01-08 03:03:42,23.10067,23.10298,3
2024-01-08 03:03:48,23.09961,23.10192,8
2024-01-08 03:03:54,23.09837,23.10068,6
2024-01-08 03:04:00,23.09959,23.1019,2
2024-01-08 03:04:06,23.1001,23.10241,1
2024-01-08 03:04:12,23.09991,23.10222,3
2024-01-08 03:04:18,23.09898,23.10129,4
2024-01-08 03:04:24,23.09906,23.10137,7
2024-01-08 03:04:30,23.10232,23.10463,8
2024-01-08 03:04:36,23.09848,23.10079,6
2024-01-08 03:04:42,23.10223,23.10454,6
2024-01-08 03:04:48,23.10152,23.10383,4
2024-01-08 03:04:54,23.10028,23.10259,5
2024-01-08 03:05:00,23.10036,23.10268,3
2024-01-08 03:05:06,23.10175,23.10406,7
2024-01-08 03:05:12,23.10044,23.10275,1
2024-01-08 03:05:18,23.09885,23.10116,8
2024-01-08 03:05:24,23.102,23.10431,2
2024-01-08 03:05:30,23.10223,23.10454,6
2024-01-08 03:05:36,23.10195,23.10426,1
2024-01-08 03:05:42,23.09939,23.1017,2
2024-01-08 03:05:48,23.10106,23.10337,8
2024-01-08 03:05:54,23.10178,23.10409,2
2024-01-08 03:06:00,23.09728,23.09959,5
2024-01-08 03:06:06,23.09951,23.10182,7
2024-01-08 03:06:12,23.10186,23.10417,6
2024-01-08 03:06:18,23.10009,23.1024,6
2024-01-08 03:06:24,23.10081,23.10312,2
2024-01-08 03:06:30,23.10257,23.10488,6
2024-01-08 03:06:36,23.09957,23.10188,5
2024-01-08 03:06:42,23.10183,23.10414,3
2024-01-08 03:06:48,23.09961,23.10192,8
2024-01-08 03:06:54,23.09959,23.1019,3
2024-01-08 03:07:00,23.10014,23.10245,9
2024-01-08 03:07:06,23.10266,23.10497,8
2024-01-08 03:07:12,23.09899,23.1013,1
2024-01-08 03:07:18,23.10004,23.10235,2
2024-01-08 03:07:24,23.10123,23.10354,7
2024-01-08 03:07:30,23.09941,23.10172,8
2024-01-08 03:07:36,23.10068,23.10299,1
2024-01-08 03:07:42,23.10169,23.104,5
2024-01-08 03:07:48,23.10051,23.10282,4
2024-01-08 03:07:54,23.10081,23.10312,7
2024-01-08 03:08:00,23.09974,23.10205,8
2024-01-08 03:08:06,23.10066,23.10297,2
2024-01-08 03:08:12,23.09942,23.10173,1
2024-01-08 03:08:18,23.10041,23.10272,7
2024-01-08 03:08:24,23.10001,23.10232,1
2024-01-08 03:08:30,23.10025,23.10256,1
2024-01-08 03:08:36,23.10118,23.10349,2
2024-01-08 03:08:42,23.10106,23.10337,1
2024-01-08 03:08:48,23.10044,23.10275,7
2024-01-08 03:08:54,23.09872,23.10103,5
2024-01-08 03:09:00,23.09929,23.1016,2
2024-01-08 03:09:06,23.0985,23.10081,4
2024-01-08 03:09:12,23.10232,23.10463,2
2024-01-08 03:09:18,23.10138,23.10369,2
2024-01-08 03:09:24,23.0996,23.10191,5
2024-01-08 03:09:30,23.10181,23.10412,5
2024-01-08 03:09:36,23.10098,23.10329,2
2024-01-08 03:09:42,23.1022,23.10451,2
2024-01-08 03:09:48,23.09869,23.101,9
2024-01-08 03:09:54,23.1012,23.10351,2
2024-01-08 03:10:00,23.09918,23.10149,5
2024-01-08 03:10:06,23.10003,23.10234,8
2024-01-08 03:10:12,23.10129,23.1036,5
2024-01-08 03:10:18,23.10152,23.10383,7
2024-01-08 03:10:24,23.09928,23.10159,5
2024-01-08 03:10:30,23.10154,23.10385,6
2024-01-08 03:10:36,23.10141,23.10372,1
2024-01-08 03:10:42,23.09904,23.10135,9
2024-01-08 03:10:48,23.10094,23.10325,1
2024-01-08 03:10:54,23.10011,23.10242,9
2024-01-08 03:11:00,23.10174,23.10405,2
2024-01-08 03:11:06,23.10151,23.10382,7
2024-01-08 03:11:12,23.10001,23.10232,4
2024-01-08 03:11:18,23.10133,23.10364,4
2024-01-08 03:11:24,23.10088,23.10319,7
2024-01-08 03:11:30,23.10173,23.10404,3
2024-01-08 03:11:36,23.10145,23.10376,1
2024-01-08 03:11:42,23.10086,23.10317,2
2024-01-08 03:11:48,23.09885,23.10116,5
2024-01-08 03:11:54,23.09912,23.10143,3
2024-01-08 03:12:00,23.10037,23.10268,6
2024-01-08 03:12:06,23.09926,23.10157,9
2024-01-08 03:12:12,23.10127,23.10358,9
2024-01-08 03:12:18,23.10027,23.10258,1
2024-01-08 03:12:24,23.10065,23.10296,3
2024-01-08 03:12:30,23.09929,23.1016,7
2024-01-08 03:12:36,23.09957,23.10188,8
2024-01-08 03:12:42,23.1,23.10231,3
2024-01-08 03:12:48,23.10097,23.10328,7
2024-01-08 03:12:54,23.10215,23.10446,1
2024-01-08 03:13:00,23.09948,23.10179,6
2024-01-08 03:13:06,23.09953,23.10184,9
2024-01-08 03:13:12,23.09966,23.10197,1
2024-01-08 03:13:18,23.10163,23.10394,8
2024-01-08 03:13:24,23.10109,23.1034,5
2024-01-08 03:13:30,23.1004,23.10271,7
2024-01-08 03:13:36,23.10053,23.10284,7
2024-01-08 03:13:42,23.10075,23.10307,6
2024-01-08 03:13:48,23.09763,23.09994,1
2024-01-08 03:13:54,23.09974,23.10205,2
2024-01-08 03:14:00,23.09967,23.10198,6
2024-01-08 03:14:06,23.10116,23.10347,7
2024-01-08 03:14:12,23.09871,23.10102,4
2024-01-08 03:14:18,23.10005,23.10236,5
2024-01-08 03:14:24,23.09948,23.10179,3
2024-01-08 03:14:30,23.10141,23.10372,5
2024-01-08 03:14:36,23.10121,23.10352,3
2024-01-08 03:14:42,23.09925,23.10156,9
2024-01-08 03:14:48,23.10068,23.10299,6
2024-01-08 03:14:54,23.10144,23.10375,3
2024-01-08 03:15:00,23.10057,23.10288,6
2024-01-08 03:15:06,23.09904,23.10135,6
2024-01-08 03:15:12,23.10024,23.10255,4
2024-01-08 03:15:18,23.1007,23.10301,5
2024-01-08 03:15:24,23.09844,23.10075,4
2024-01-08 03:15:30,23.09774,23.10005,9
2024-01-08 03:15:36,23.10072,23.10303,9
2024-01-08 03:15:42,23.10049,23.1028,5
2024-01-08 03:15:48,23.09932,23.10163,4
2024-01-08 03:15:54,23.09822,23.10053,3
2024-01-08 03:16:00,23.10022,23.10253,5
2024-01-08 03:16:06,23.09817,23.10048,9
2024-01-08 03:16:12,23.09916,23.10147,3
2024-01-08 03:16:18,23.1002,23.10251,9
2024-01-08 03:16:24,23.09959,23.1019,7
2024-01-08 03:16:30,23.09831,23.10062,6
2024-01-08 03:16:36,23.09831,23.10062,4
2024-01-08 03:16:42,23.09751,23.09982,8
2024-01-08 03:16:48,23.10014,23.10245,7
2024-01-08 03:16:54,23.09937,23.10168,8
2024-01-08 03:17:00,23.09863,23.10094,8
2024-01-08 03:17:06,23.09887,23.10118,8
2024-01-08 03:17:12,23.09907,23.10138,3
2024-01-08 03:17:18,23.09773,23.10004,2
2024-01-08 03:17:24,23.09849,23.1008,7
2024-01-08 03:17:30,23.0995,23.10181,9
2024-01-08 03:17:36,23.10029,23.1026,9
2024-01-08 03:17:42,23.09745,23.09976,8
2024-01-08 03:17:48,23.09986,23.10217,9
2024-01-08 03:17:54,23.10015,23.10246,8
2024-01-08 03:18:00,23.09915,23.10146,4
2024-01-08 03:18:06,23.09729,23.0996,7
2024-01-08 03:18:12,23.10047,23.10278,1
2024-01-08 03:18:18,23.09928,23.10159,4
2024-01-08 03:18:24,23.09782,23.10013,4
2024-01-08 03:18:30,23.09799,23.1003,4
2024-01-08 03:18:36,23.09846,23.10077,9
2024-01-08 03:18:42,23.10053,23.10284,1
2024-01-08 03:18:48,23.09916,23.10147,8
2024-01-08 03:18:54,23.10012,23.10243,4
2024-01-08 03:19:00,23.10125,23.10356,4
2024-01-08 03:19:06,23.09829,23.1006,9
2024-01-08 03:19:12,23.10106,23.10337,6
2024-01-08 03:19:18,23.09998,23.10229,4
2024-01-08 03:19:24,23.10033,23.10264,5
2024-01-08 03:19:30,23.09749,23.0998,3
2024-01-08 03:19:36,23.09862,23.10093,5
2024-01-08 03:19:42,23.09716,23.09947,4
2024-01-08 03:19:48,23.09978,23.10209,2
2024-01-08 03:19:54,23.09748,23.09979,4
2024-01-08 03:20:00,23.10194,23.10425,5
2024-01-08 03:20:06,23.09911,23.10142,6
2024-01-08 03:20:12,23.09941,23.10172,4
2024-01-08 03:20:18,23.09865,23.10096,8
2024-01-08 03:20:24,23.09941,23.10172,3
2024-01-08 03:20:30,23.09936,23.10167,6
2024-01-08 03:20:36,23.09922,23.10153,3
2024-01-08 03:20:42,23.10209,23.1044,9
2024-01-08 03:20:48,23.1019,23.10421,8
2024-01-08 03:20:54,23.09827,23.10058,2
2024-01-08 03:21:00,23.1008,23.10311,1
2024-01-08 03:21:06,23.09941,23.10172,8
2024-01-08 03:21:12,23.0998,23.10211,4
2024-01-08 03:21:18,23.09945,23.10176,1
2024-01-08 03:21:24,23.09841,23.10072,8
2024-01-08 03:21:30,23.10103,23.10334,4
2024-01-08 03:21:36,23.09938,23.10169,9
2024-01-08 03:21:42,23.09866,23.10097,8
2024-01-08 03:21:48,23.09846,23.10077,6
2024-01-08 03:21:54,23.09856,23.10087,6
2024-01-08 03:22:00,23.09912,23.10143,1
2024-01-08 03:22:06,23.09797,23.10028,6
2024-01-08 03:22:12,23.10185,23.10416,2
2024-01-08 03:22:18,23.09867,23.10098,6
2024-01-08 03:22:24,23.09913,23.10144,2
2024-01-08 03:22:30,23.09718,23.09949,8
2024-01-08 03:22:36,23.09921,23.10152,5
2024-01-08 03:22:42,23.0994,23.10171,6
2024-01-08 03:22:48,23.10019,23.1025,6
2024-01-08 03:22:54,23.10008,23.10239,7
2024-01-08 03:23:00,23.09982,23.10213,3
2024-01-08 03:23:06,23.09957,23.10188,4
2024-01-08 03:23:12,23.09907,23.10138,8
2024-01-08 03:23:18,23.10049,23.1028,6
2024-01-08 03:23:24,23.09994,23.10225,6
2024-01-08 03:23:30,23.10061,23.10292,7
2024-01-08 03:23:36,23.09841,23.10072,3
2024-01-08 03:23:42,23.09673,23.09904,1
2024-01-08 03:23:48,23.09874,23.10105,8
2024-01-08 03:23:54,23.09831,23.10062,3
2024-01-08 03:24:00,23.09922,23.10153,6
2024-01-08 03:24:06,23.09974,23.10205,7
2024-01-08 03:24:12,23.09965,23.10196,5
2024-01-08 03:24:18,23.09957,23.10188,9
2024-01-08 03:24:24,23.09934,23.10165,1
2024-01-08 03:24:30,23.09903,23.10134,1
2024-01-08 03:24:36,23.09887,23.10118,3
2024-01-08 03:24:42,23.09747,23.09978,2
2024-01-08 03:24:48,23.09886,23.10117,3
2024-01-08 03:24:54,23.09628,23.09859,6
2024-01-08 03:25:00,23.09795,23.10026,5
2024-01-08 03:25:06,23.09836,23.10067,1
2024-01-08 03:25:12,23.09802,23.10033,2
2024-01-08 03:25:18,23.09956,23.10187,6
2024-01-08 03:25:24,23.09737,23.09968,8
2024-01-08 03:25:30,23.0971,23.09941,3
2024-01-08 03:25:36,23.09994,23.10225,7
2024-01-08 03:25:42,23.09932,23.10163,7
2024-01-08 03:25:48,23.09815,23.10046,9
2024-01-08 03:25:54,23.10104,23.10335,7
2024-01-08 03:26:00,23.09912,23.10143,3
2024-01-08 03:26:06,23.09766,23.09997,7
2024-01-08 03:26:12,23.10032,23.10263,4
2024-01-08 03:26:18,23.09948,23.10179,7
2024-01-08 03:26:24,23.09839,23.1007,4
2024-01-08 03:26:30,23.10228,23.1046,4
2024-01-08 03:26:36,23.09882,23.10113,2
2024-01-08 03:26:42,23.1001,23.10241,5
2024-01-08 03:26:48,23.09822,23.10053,7
2024-01-08 03:26:54,23.09779,23.1001,3
2024-01-08 03:27:00,23.09979,23.1021,9
2024-01-08 03:27:06,23.09787,23.10018,4
2024-01-08 03:27:12,23.09859,23.1009,7
2024-01-08 03:27:18,23.09951,23.10182,4
2024-01-08 03:27:24,23.09887,23.10118,1
2024-01-08 03:27:30,23.09733,23.09964,8
2024-01-08 03:27:36,23.10026,23.10257,7
2024-01-08 03:27:42,23.0999,23.10221,8
2024-01-08 03:27:48,23.09792,23.10023,2
2024-01-08 03:27:54,23.09809,23.1004,8
2024-01-08 03:28:00,23.09869,23.101,3
2024-01-08 03:28:06,23.09899,23.1013,4
2024-01-08 03:28:12,23.09793,23.10024,7
2024-01-08 03:28:18,23.10125,23.10356,8
2024-01-08 03:28:24,23.09836,23.10067,9
2024-01-08 03:28:30,23.09897,23.10128,4
2024-01-08 03:28:36,23.09889,23.1012,1
2024-01-08 03:28:42,23.1,23.10231,2
2024-01-08 03:28:48,23.09858,23.10089,5
2024-01-08 03:28:54,23.09895,23.10126,4
2024-01-08 03:29:00,23.09979,23.1021,7
2024-01-08 03:29:06,23.09695,23.09926,1
2024-01-08 03:29:12,23.10003,23.10234,1
2024-01-08 03:29:18,23.10036,23.10267,1
2024-01-08 03:29:24,23.09953,23.10184,7
2024-01-08 03:29:30,23.09875,23.10106,6
2024-01-08 03:29:36,23.10083,23.10314,4
2024-01-08 03:29:42,23.09675,23.09906,2
2024-01-08 03:29:48,23.09894,23.10125,3
2024-01-08 03:29:54,23.09836,23.10067,2
2024-01-08 03:30:00,23.09652,23.09883,6
2024-01-08 03:30:06,23.0994,23.10171,1
2024-01-08 03:30:12,23.09878,23.10109,5
2024-01-08 03:30:18,23.09816,23.10047,4
2024-01-08 03:30:24,23.09689,23.0992,8
2024-01-08 03:30:30,23.09741,23.09972,7
2024-01-08 03:30:36,23.09956,23.10187,2
2024-01-08 03:30:42,23.09769,23.1,6
2024-01-08 03:30:48,23.09807,23.10038,1
2024-01-08 03:30:54,23.09909,23.1014,4
2024-01-08 03:31:00,23.09926,23.10157,7
2024-01-08 03:31:06,23.09882,23.10113,3
2024-01-08 03:31:12,23.09623,23.09854,5
2024-01-08 03:31:18,23.09769,23.1,2
2024-01-08 03:31:24,23.09768,23.09999,4
2024-01-08 03:31:30,23.09889,23.1012,2
2024-01-08 03:31:36,23.0984,23.10071,3
2024-01-08 03:31:42,23.09752,23.09983,7
2024-01-08 03:31:48,23.0984,23.10071,7
2024-01-08 03:31:54,23.09772,23.10003,6
2024-01-08 03:32:00,23.09834,23.10065,9
2024-01-08 03:32:06,23.09917,23.10148,1
2024-01-08 03:32:12,23.09897,23.10128,4
2024-01-08 03:32:18,23.09592,23.09823,8
2024-01-08 03:32:24,23.09867,23.10098,9
2024-01-08 03:32:30,23.09702,23.09933,3
2024-01-08 03:32:36,23.0983,23.10061,8
2024-01-08 03:32:42,23.0975,23.09981,5
2024-01-08 03:32:48,23.09799,23.1003,2
2024-01-08 03:32:54,23.09747,23.09978,9
2024-01-08 03:33:00,23.10067,23.10298,5
2024-01-08 03:33:06,23.09711,23.09942,7
2024-01-08 03:33:12,23.09637,23.09868,9
2024-01-08 03:33:18,23.09672,23.09903,8
2024-01-08 03:33:24,23.09822,23.10053,3
2024-01-08 03:33:30,23.09581,23.09812,9
2024-01-08 03:33:36,23.09782,23.10013,9
2024-01-08 03:33:42,23.09991,23.10222,3
2024-01-08 03:33:48,23.09733,23.09964,2
2024-01-08 03:33:54,23.09867,23.10098,6
2024-01-08 03:34:00,23.09839,23.1007,7
2024-01-08 03:34:06,23.09758,23.09989,2
2024-01-08 03:34:12,23.0942,23.09651,3
2024-01-08 03:34:18,23.0991,23.10141,1
2024-01-08 03:34:24,23.0967,23.09901,1
2024-01-08 03:34:30,23.09674,23.09905,9
2024-01-08 03:34:36,23.09954,23.10185,5
2024-01-08 03:34:42,23.09819,23.1005,8
2024-01-08 03:34:48,23.09718,23.09949,8
2024-01-08 03:34:54,23.09915,23.10146,8
2024-01-08 03:35:00,23.09812,23.10043,6
2024-01-08 03:35:06,23.09901,23.10132,2
2024-01-08 03:35:12,23.09889,23.1012,4
2024-01-08 03:35:18,23.09789,23.1002,6
2024-01-08 03:35:24,23.09841,23.10072,8
2024-01-08 03:35:30,23.09793,23.10024,3
2024-01-08 03:35:36,23.09686,23.09917,4
2024-01-08 03:35:42,23.09733,23.09964,5
2024-01-08 03:35:48,23.09635,23.09866,8
2024-01-08 03:35:54,23.09719,23.0995,1
2024-01-08 03:36:00,23.0981,23.10041,7
2024-01-08 03:36:06,23.09853,23.10084,2
2024-01-08 03:36:12,23.09886,23.10117,2
2024-01-08 03:36:18,23.09844,23.10075,8
2024-01-08 03:36:24,23.09851,23.10082,2
2024-01-08 03:36:30,23.09821,23.10052,5
2024-01-08 03:36:36,23.09834,23.10065,4
2024-01-08 03:36:42,23.09817,23.10048,5
2024-01-08 03:36:48,23.09826,23.10057,7
2024-01-08 03:36:54,23.09605,23.09836,1
2024-01-08 03:37:00,23.09942,23.10173,7
2024-01-08 03:37:06,23.09705,23.09936,5
2024-01-08 03:37:12,23.0993,23.10161,5
2024-01-08 03:37:18,23.0974,23.09971,6
2024-01-08 03:37:24,23.09763,23.09994,3
2024-01-08 03:37:30,23.09927,23.10158,3
2024-01-08 03:37:36,23.09768,23.09999,7
2024-01-08 03:37:42,23.09935,23.10166,6
2024-01-08 03:37:48,23.09669,23.099,6
2024-01-08 03:37:54,23.09806,23.10037,4
2024-01-08 03:38:00,23.09825,23.10056,7
2024-01-08 03:38:06,23.09832,23.10063,5
2024-01-08 03:38:12,23.09919,23.1015,3
2024-01-08 03:38:18,23.09775,23.10006,9
2024-01-08 03:38:24,23.10092,23.10323,9
2024-01-08 03:38:30,23.09763,23.09994,4
2024-01-08 03:38:36,23.09712,23.09943,6
2024-01-08 03:38:42,23.09712,23.09943,9
2024-01-08 03:38:48,23.09686,23.09917,2
2024-01-08 03:38:54,23.09901,23.10132,9
2024-01-08 03:39:00,23.09903,23.10134,4
2024-01-08 03:39:06,23.09895,23.10126,7
2024-01-08 03:39:12,23.09739,23.0997,6
2024-01-08 03:39:18,23.09607,23.09838,7
2024-01-08 03:39:24,23.09742,23.09972,3
2024-01-08 03:39:30,23.09812,23.10043,1
2024-01-08 03:39:36,23.09826,23.10057,9
2024-01-08 03:39:42,23.09832,23.10063,9
2024-01-08 03:39:48,23.09849,23.1008,3
2024-01-08 03:39:54,23.09966,23.10197,3
2024-01-08 03:40:00,23.09615,23.09846,8
2024-01-08 03:40:06,23.09787,23.10018,6
2024-01-08 03:40:12,23.09759,23.0999,5
2024-01-08 03:40:18,23.09691,23.09922,3
2024-01-08 03:40:24,23.09768,23.09999,3
2024-01-08 03:40:30,23.09409,23.0964,2
2024-01-08 03:40:36,23.09782,23.10013,8
2024-01-08 03:40:42,23.10042,23.10273,2
2024-01-08 03:40:48,23.09809,23.1004,6
2024-01-08 03:40:54,23.09824,23.10055,1
2024-01-08 03:41:00,23.09585,23.09816,9
2024-01-08 03:41:06,23.09863,23.10094,9
2024-01-08 03:41:12,23.10014,23.10245,9
2024-01-08 03:41:18,23.09709,23.0994,2
2024-01-08 03:41:24,23.09713,23.09944,2
2024-01-08 03:41:30,23.09788,23.10019,4
2024-01-08 03:41:36,23.09902,23.10133,6
2024-01-08 03:41:42,23.09849,23.1008,9
2024-01-08 03:41:48,23.09742,23.09973,5
2024-01-08 03:41:54,23.09804,23.10035,4
2024-01-08 03:42:00,23.09816,23.10047,7
2024-01-08 03:42:06,23.09837,23.10068,5
2024-01-08 03:42:12,23.10111,23.10342,5
2024-01-08 03:42:18,23.0976,23.09991,2
2024-01-08 03:42:24,23.09878,23.10109,9
2024-01-08 03:42:30,23.09715,23.09946,5
2024-01-08 03:42:36,23.09956,23.10187,3
2024-01-08 03:42:42,23.09771,23.10002,1
2024-01-08 03:42:48,23.0984,23.10071,7
2024-01-08 03:42:54,23.09822,23.10053,1
2024-01-08 03:43:00,23.09819,23.1005,5
2024-01-08 03:43:06,23.09886,23.10117,1
2024-01-08 03:43:12,23.0991,23.10141,8
2024-01-08 03:43:18,23.09801,23.10032,2
2024-01-08 03:43:24,23.09779,23.1001,7
2024-01-08 03:43:30,23.0973,23.09961,6
2024-01-08 03:43:36,23.0971,23.09941,8
2024-01-08 03:43:42,23.09632,23.09863,8
2024-01-08 03:43:48,23.09685,23.09916,8
2024-01-08 03:43:54,23.09782,23.10013,1
2024-01-08 03:44:00,23.09697,23.09928,3
2024-01-08 03:44:06,23.0983,23.10061,9
2024-01-08 03:44:12,23.09682,23.09913,2
2024-01-08 03:44:18,23.09954,23.10185,6
2024-01-08 03:44:24,23.09741,23.09972,3
2024-01-08 03:44:30,23.09807,23.10038,3
2024-01-08 03:44:36,23.09807,23.10038,1
2024-01-08 03:44:42,23.09905,23.10136,7
2024-01-08 03:44:48,23.09859,23.1009,6
2024-01-08 03:44:54,23.09848,23.10079,9
2024-01-08 03:45:00,23.09837,23.10068,2
2024-01-08 03:45:06,23.09825,23.10056,5
2024-01-08 03:45:12,23.099,23.10131,5
2024-01-08 03:45:18,23.09587,23.09818,7
2024-01-08 03:45:24,23.09701,23.09932,8
2024-01-08 03:45:30,23.09727,23.09958,1
2024-01-08 03:45:36,23.09718,23.09949,5
2024-01-08 03:45:42,23.0978,23.10011,6
2024-01-08 03:45:48,23.09772,23.10003,8
2024-01-08 03:45:54,23.09849,23.1008,2
2024-01-08 03:46:00,23.09479,23.0971,7
2024-01-08 03:46:06,23.09853,23.10084,9
2024-01-08 03:46:12,23.09793,23.10024,7
2024-01-08 03:46:18,23.09849,23.1008,4
2024-01-08 03:46:24,23.09848,23.10079,8
2024-01-08 03:46:30,23.09778,23.10009,8
2024-01-08 03:46:36,23.09769,23.1,2
2024-01-08 03:46:42,23.09872,23.10103,6
2024-01-08 03:46:48,23.09812,23.10043,6
2024-01-08 03:46:54,23.10056,23.10287,2
2024-01-08 03:47:00,23.09888,23.10119,1
2024-01-08 03:47:06,23.09871,23.10102,8
2024-01-08 03:47:12,23.09526,23.09757,3
2024-01-08 03:47:18,23.09804,23.10035,5
2024-01-08 03:47:24,23.09764,23.09995,6
2024-01-08 03:47:30,23.09642,23.09873,8
2024-01-08 03:47:36,23.09806,23.10037,5
2024-01-08 03:47:42,23.10031,23.10262,5
2024-01-08 03:47:48,23.09902,23.10133,7
2024-01-08 03:47:54,23.10026,23.10257,9
2024-01-08 03:48:00,23.09813,23.10044,9
2024-01-08 03:48:06,23.09644,23.09875,7
2024-01-08 03:48:12,23.09601,23.09832,4
2024-01-08 03:48:18,23.09799,23.1003,6
2024-01-08 03:48:24,23.09921,23.10152,2
2024-01-08 03:48:30,23.09885,23.10116,2
2024-01-08 03:48:36,23.0952,23.09751,7
2024-01-08 03:48:42,23.09928,23.10159,4
2024-01-08 03:48:48,23.0976,23.09991,8
2024-01-08 03:48:54,23.09677,23.09908,5
2024-01-08 03:49:00,23.09882,23.10113,3
2024-01-08 03:49:06,23.09829,23.1006,2
2024-01-08 03:49:12,23.09802,23.10033,8
2024-01-08 03:49:18,23.09806,23.10037,9
2024-01-08 03:49:24,23.09664,23.09894,3
2024-01-08 03:49:30,23.09864,23.10095,7
2024-01-08 03:49:36,23.09635,23.09866,9
2024-01-08 03:49:42,23.097,23.09931,1
2024-01-08 03:49:48,23.09687,23.09918,9
2024-01-08 03:49:54,23.09845,23.10076,7
2024-01-08 03:50:00,23.09751,23.09982,1
2024-01-08 03:50:06,23.09835,23.10066,1
2024-01-08 03:50:12,23.09871,23.10102,2
2024-01-08 03:50:18,23.09687,23.09918,9
2024-01-08 03:50:24,23.09705,23.09936,5
2024-01-08 03:50:30,23.09498,23.09729,1
2024-01-08 03:50:36,23.09645,23.09876,6
2024-01-08 03:50:42,23.0967,23.09901,2
2024-01-08 03:50:48,23.09942,23.10173,6
2024-01-08 03:50:54,23.0952,23.09751,4
2024-01-08 03:51:00,23.09811,23.10042,1
2024-01-08 03:51:06,23.09749,23.0998,9
2024-01-08 03:51:12,23.09791,23.10022,1
2024-01-08 03:51:18,23.09658,23.09889,2
2024-01-08 03:51:24,23.0979,23.10021,6
2024-01-08 03:51:30,23.098,23.10031,1
2024-01-08 03:51:36,23.09828,23.10059,7
2024-01-08 03:51:42,23.09609,23.0984,6
2024-01-08 03:51:48,23.09617,23.09848,9
2024-01-08 03:51:54,23.09736,23.09967,6
2024-01-08 03:52:00,23.09528,23.09759,3
2024-01-08 03:52:06,23.09795,23.10026,9
2024-01-08 03:52:12,23.09603,23.09834,9
2024-01-08 03:52:18,23.09688,23.09919,2
2024-01-08 03:52:24,23.09724,23.09954,2
2024-01-08 03:52:30,23.09738,23.09969,1
2024-01-08 03:52:36,23.09585,23.09816,3
2024-01-08 03:52:42,23.09651,23.09882,2
2024-01-08 03:52:48,23.09687,23.09918,5
2024-01-08 03:52:54,23.09628,23.09859,6
2024-01-08 03:53:00,23.0986,23.10091,8
2024-01-08 03:53:06,23.09775,23.10006,6
2024-01-08 03:53:12,23.09732,23.09963,9
2024-01-08 03:53:18,23.09667,23.09898,8
2024-01-08 03:53:24,23.09526,23.09757,7
2024-01-08 03:53:30,23.09489,23.0972,1
2024-01-08 03:53:36,23.09691,23.09922,7
2024-01-08 03:53:42,23.0987,23.10101,1
2024-01-08 03:53:48,23.09661,23.09892,9
2024-01-08 03:53:54,23.09629,23.0986,4
2024-01-08 03:54:00,23.09645,23.09876,9
2024-01-08 03:54:06,23.09712,23.09943,3
2024-01-08 03:54:12,23.09565,23.09796,9
2024-01-08 03:54:18,23.09642,23.09873,8
2024-01-08 03:54:24,23.09822,23.10053,7
2024-01-08 03:54:30,23.09395,23.09626,1
2024-01-08 03:54:36,23.09816,23.10047,2
2024-01-08 03:54:42,23.09719,23.0995,3
2024-01-08 03:54:48,23.09663,23.09894,2
2024-01-08 03:54:54,23.09635,23.09866,2
2024-01-08 03:55:00,23.09796,23.10027,6
2024-01-08 03:55:06,23.09684,23.09915,4
2024-01-08 03:55:12,23.09579,23.0981,9
2024-01-08 03:55:18,23.09458,23.09689,2
2024-01-08 03:55:24,23.0976,23.09991,5
2024-01-08 03:55:30,23.09666,23.09897,3
2024-01-08 03:55:36,23.09755,23.09986,9
2024-01-08 03:55:42,23.09507,23.09737,8
2024-01-08 03:55:48,23.09561,23.09792,9
2024-01-08 03:55:54,23.09548,23.09779,3
2024-01-08 03:56:00,23.09659,23.0989,6
2024-01-08 03:56:06,23.09648,23.09878,3
2024-01-08 03:56:12,23.09696,23.09927,7
2024-01-08 03:56:18,23.09543,23.09774,8
2024-01-08 03:56:24,23.09614,23.09845,6
2024-01-08 03:56:30,23.09469,23.097,8
2024-01-08 03:56:36,23.09688,23.09919,2
2024-01-08 03:56:42,23.09564,23.09795,4
2024-01-08 03:56:48,23.0965,23.09881,2
2024-01-08 03:56:54,23.09531,23.09762,5
2024-01-08 03:57:00,23.09778,23.10009,3
2024-01-08 03:57:06,23.09764,23.09995,8
2024-01-08 03:57:12,23.09705,23.09936,4
2024-01-08 03:57:18,23.09533,23.09764,9
2024-01-08 03:57:24,23.09602,23.09833,2
2024-01-08 03:57:30,23.09647,23.09878,7
2024-01-08 03:57:36,23.09728,23.09959,7
2024-01-08 03:57:42,23.09542,23.09773,9
2024-01-08 03:57:48,23.09678,23.09909,2
2024-01-08 03:57:54,23.09559,23.0979,8
2024-01-08 03:58:00,23.09705,23.09936,1
2024-01-08 03:58:06,23.09918,23.10149,7
2024-01-08 03:58:12,23.09715,23.09946,3
2024-01-08 03:58:18,23.09788,23.10019,6
2024-01-08 03:58:24,23.09517,23.09748,2
2024-01-08 03:58:30,23.09681,23.09912,9
2024-01-08 03:58:36,23.09452,23.09683,5
2024-01-08 03:58:42,23.09736,23.09967,7
2024-01-08 03:58:48,23.09637,23.09868,8
2024-01-08 03:58:54,23.09641,23.09871,4
2024-01-08 03:59:00,23.09398,23.09629,3
2024-01-08 03:59:06,23.09769,23.1,2
2024-01-08 03:59:12,23.09463,23.09694,9
2024-01-08 03:59:18,23.096,23.09831,9
2024-01-08 03:59:24,23.09594,23.09825,3
2024-01-08 03:59:30,23.09455,23.09686,6
2024-01-08 03:59:36,23.09532,23.09763,1
2024-01-08 03:59:42,23.09789,23.1002,4
2024-01-08 03:59:48,23.0966,23.09891,7
2024-01-08 03:59:54,23.09764,23.09995,5
2024-01-08 04:00:00,23.0971,23.09941,4
2024-01-08 04:00:06,23.09601,23.09832,9
2024-01-08 04:00:12,23.09709,23.0994,1
2024-01-08 04:00:18,23.09725,23.09956,4
2024-01-08 04:00:24,23.09725,23.09956,7
2024-01-08 04:00:30,23.09688,23.09919,3
2024-01-08 04:00:36,23.09566,23.09797,9
2024-01-08 04:00:42,23.09586,23.09817,4
2024-01-08 04:00:48,23.09548,23.09779,4
2024-01-08 04:00:54,23.09515,23.09746,3
2024-01-08 04:01:00,23.09767,23.09998,4
2024-01-08 04:01:06,23.09605,23.09836,3
2024-01-08 04:01:12,23.09734,23.09965,7
2024-01-08 04:01:18,23.09758,23.09989,3
2024-01-08 04:01:24,23.09581,23.09812,1
2024-01-08 04:01:30,23.09716,23.09947,1
2024-01-08 04:01:36,23.0966,23.09891,3
2024-01-08 04:01:42,23.09582,23.09813,5
2024-01-08 04:01:48,23.09589,23.0982,4
2024-01-08 04:01:54,23.09602,23.09833,9
2024-01-08 04:02:00,23.09637,23.09868,6
2024-01-08 04:02:06,23.09591,23.09822,1
2024-01-08 04:02:12,23.0956,23.09791,9
2024-01-08 04:02:18,23.09489,23.0972,1
2024-01-08 04:02:24,23.0952,23.09751,2
2024-01-08 04:02:30,23.0977,23.10001,7
2024-01-08 04:02:36,23.09649,23.0988,1
2024-01-08 04:02:42,23.09722,23.09953,2
2024-01-08 04:02:48,23.09634,23.09865,4
2024-01-08 04:02:54,23.09442,23.09673,5
2024-01-08 04:03:00,23.09571,23.09802,7
2024-01-08 04:03:06,23.09609,23.0984,8
2024-01-08 04:03:12,23.09583,23.09814,2
2024-01-08 04:03:18,23.0961,23.09841,3
2024-01-08 04:03:24,23.09544,23.09775,1
2024-01-08 04:03:30,23.09713,23.09944,2
2024-01-08 04:03:36,23.09537,23.09768,8
2024-01-08 04:03:42,23.09528,23.09759,3
2024-01-08 04:03:48,23.09621,23.09852,2
2024-01-08 04:03:54,23.09578,23.09809,3
2024-01-08 04:04:00,23.09771,23.10002,1
2024-01-08 04:04:06,23.09514,23.09745,3
2024-01-08 04:04:12,23.09671,23.09902,2
2024-01-08 04:04:18,23.0977,23.10001,5
2024-01-08 04:04:24,23.09805,23.10036,5
2024-01-08 04:04:30,23.097,23.09931,2
2024-01-08 04:04:36,23.09506,23.09737,9
2024-01-08 04:04:42,23.09551,23.09782,3
2024-01-08 04:04:48,23.09489,23.0972,8
2024-01-08 04:04:54,23.09518,23.09749,3
2024-01-08 04:05:00,23.09465,23.09696,3
2024-01-08 04:05:06,23.09522,23.09753,9
2024-01-08 04:05:12,23.09735,23.09966,9
2024-01-08 04:05:18,23.09577,23.09808,2
2024-01-08 04:05:24,23.09757,23.09988,8
2024-01-08 04:05:30,23.09704,23.09935,8
2024-01-08 04:05:36,23.09436,23.09667,9
2024-01-08 04:05:42,23.09839,23.1007,8
2024-01-08 04:05:48,23.09204,23.09435,6
2024-01-08 04:05:54,23.0969,23.09921,7
2024-01-08 04:06:00,23.09713,23.09944,7
2024-01-08 04:06:06,23.09601,23.09832,9
2024-01-08 04:06:12,23.09544,23.09775,2
2024-01-08 04:06:18,23.0942,23.09651,2
2024-01-08 04:06:24,23.09618,23.09849,8
2024-01-08 04:06:30,23.09611,23.09841,6
2024-01-08 04:06:36,23.09403,23.09634,3
2024-01-08 04:06:42,23.09357,23.09588,3
2024-01-08 04:06:48,23.0948,23.09711,7
2024-01-08 04:06:54,23.09602,23.09833,8
2024-01-08 04:07:00,23.09484,23.09715,1
2024-01-08 04:07:06,23.09535,23.09766,2
2024-01-08 04:07:12,23.09302,23.09533,1
2024-01-08 04:07:18,23.09611,23.09842,6
2024-01-08 04:07:24,23.09771,23.10002,1
2024-01-08 04:07:30,23.09841,23.10072,2
2024-01-08 04:07:36,23.09585,23.09816,9
2024-01-08 04:07:42,23.09574,23.09805,6
2024-01-08 04:07:48,23.09423,23.09654,2
2024-01-08 04:07:54,23.09248,23.09479,7
2024-01-08 04:08:00,23.09436,23.09667,5
2024-01-08 04:08:06,23.09607,23.09838,7
2024-01-08 04:08:12,23.09563,23.09794,7
2024-01-08 04:08:18,23.09491,23.09722,8
2024-01-08 04:08:24,23.09481,23.09712,3
2024-01-08 04:08:30,23.0979,23.10021,1
2024-01-08 04:08:36,23.09723,23.09954,4
2024-01-08 04:08:42,23.09609,23.0984,4
2024-01-08 04:08:48,23.09682,23.09913,8
2024-01-08 04:08:54,23.09571,23.09802,1
2024-01-08 04:09:00,23.09493,23.09723,9
2024-01-08 04:09:06,23.09617,23.09848,9
2024-01-08 04:09:12,23.09678,23.09909,8
2024-01-08 04:09:18,23.09568,23.09799,6
2024-01-08 04:09:24,23.0942,23.09651,5
2024-01-08 04:09:30,23.09517,23.09748,1
2024-01-08 04:09:36,23.09513,23.09744,5
2024-01-08 04:09:42,23.095,23.09731,1
2024-01-08 04:09:48,23.09365,23.09596,4
2024-01-08 04:09:54,23.09583,23.09814,4
2024-01-08 04:10:00,23.09565,23.09796,3
2024-01-08 04:10:06,23.09545,23.09776,9
2024-01-08 04:10:12,23.09601,23.09832,3
2024-01-08 04:10:18,23.09547,23.09778,1
2024-01-08 04:10:24,23.09411,23.09642,4
2024-01-08 04:10:30,23.09729,23.0996,1
2024-01-08 04:10:36,23.0976,23.09991,3
2024-01-08 04:10:42,23.09521,23.09752,3
2024-01-08 04:10:48,23.0958,23.09811,7
2024-01-08 04:10:54,23.09464,23.09694,3
2024-01-08 04:11:00,23.09491,23.09722,9
2024-01-08 04:11:06,23.09529,23.0976,3
2024-01-08 04:11:12,23.09622,23.09853,6
