DateTime,Bid,Ask,Volume
2024-01-08 00:00:00,993.87906,993.97845,2
2024-01-08 00:00:06,993.81286,993.91224,3
2024-01-08 00:00:12,993.92318,994.02258,6
2024-01-08 00:00:18,993.77124,993.87062,2
2024-01-08 00:00:24,993.8136,993.91299,2
2024-01-08 00:00:30,993.9006,994.0,8
2024-01-08 00:00:36,993.83427,993.93366,2
2024-01-08 00:00:42,993.85996,993.95935,6
2024-01-08 00:00:48,993.83891,993.9383,8
2024-01-08 00:00:54,993.7471,993.84648,8
2024-01-08 00:01:00,993.8974,993.99679,8
2024-01-08 00:01:06,993.79829,993.89767,6
2024-01-08 00:01:12,993.88233,993.98173,2
2024-01-08 00:01:18,993.81456,993.91394,8
2024-01-08 00:01:24,993.81787,993.91726,5
2024-01-08 00:01:30,993.91784,994.01724,8
2024-01-08 00:01:36,993.87773,993.97712,4
2024-01-08 00:01:42,993.81591,993.9153,5
2024-01-08 00:01:48,993.84794,993.94733,8
2024-01-08 00:01:54,993.84562,993.94501,5
2024-01-08 00:02:00,993.88389,993.98329,7
2024-01-08 00:02:06,993.85552,993.95491,1
2024-01-08 00:02:12,993.91912,994.01852,6
2024-01-08 00:02:18,993.88105,993.98045,1
2024-01-08 00:02:24,993.81512,993.9145,7
2024-01-08 00:02:30,993.89537,993.99476,6
2024-01-08 00:02:36,993.88406,993.98345,8
2024-01-08 00:02:42,993.8386,993.93799,7
2024-01-08 00:02:48,993.9022,994.00159,1
2024-01-08 00:02:54,993.81142,993.9108,3
2024-01-08 00:03:00,993.8409,993.94029,3
2024-01-08 00:03:06,993.85453,993.95392,8
2024-01-08 00:03:12,993.89423,993.99362,6
2024-01-08 00:03:18,993.79442,993.89381,3
2024-01-08 00:03:24,993.78995,993.88933,6
2024-01-08 00:03:30,993.84379,993.94318,7
2024-01-08 00:03:36,993.83122,993.93061,9
2024-01-08 00:03:42,993.83741,993.9368,7
2024-01-08 00:03:48,993.82077,993.92016,2
2024-01-08 00:03:54,993.90642,994.00582,3
2024-01-08 00:04:00,993.76861,993.86799,8
2024-01-08 00:04:06,993.76825,993.86763,5
2024-01-08 00:04:12,993.79665,993.89604,1
2024-01-08 00:04:18,993.86269,993.96208,2
2024-01-08 00:04:24,993.78245,993.88184,6
2024-01-08 00:04:30,993.95074,994.05014,9
2024-01-08 00:04:36,993.86745,993.96684,4
2024-01-08 00:04:42,993.90187,994.00127,9
2024-01-08 00:04:48,993.89221,993.9916,8
2024-01-08 00:04:54,993.84323,993.94262,7
2024-01-08 00:05:00,993.83874,993.93813,6
2024-01-08 00:05:06,993.84908,993.94847,3
2024-01-08 00:05:12,993.78251,993.88189,8
2024-01-08 00:05:18,993.83697,993.93636,1
2024-01-08 00:05:24,993.843,993.94239,6
2024-01-08 00:05:30,993.89402,993.99341,1
2024-01-08 00:05:36,993.83568,993.93506,8
2024-01-08 00:05:42,993.87159,993.97098,5
2024-01-08 00:05:48,993.85575,993.95514,2
2024-01-08 00:05:54,993.79778,993.89716,7
2024-01-08 00:06:00,993.82755,993.92694,8
2024-01-08 00:06:06,993.83298,993.93237,9
2024-01-08 00:06:12,993.84308,993.94247,3
2024-01-08 00:06:18,993.91382,994.01322,6
2024-01-08 00:06:24,993.85962,993.95901,9
2024-01-08 00:06:30,993.77074,993.87012,3
2024-01-08 00:06:36,993.78483,993.88422,3
2024-01-08 00:06:42,993.91476,994.01415,4
2024-01-08 00:06:48,993.84692,993.94631,1
2024-01-08 00:06:54,993.79711,993.8965,3
2024-01-08 00:07:00,993.90021,993.9996,1
2024-01-08 00:07:06,993.91353,994.01292,7
2024-01-08 00:07:12,993.6817,993.78108,2
2024-01-08 00:07:18,993.82485,993.92423,1
2024-01-08 00:07:24,993.87991,993.9793,8
2024-01-08 00:07:30,993.92787,994.02727,8
2024-01-08 00:07:36,993.78323,993.88261,7
2024-01-08 00:07:42,993.84716,993.94655,2
2024-01-08 00:07:48,993.81762,993.917,7
2024-01-08 00:07:54,993.82846,993.92785,1
2024-01-08 00:08:00,993.90957,994.00897,7
2024-01-08 00:08:06,993.71738,993.81675,7
2024-01-08 00:08:12,993.78626,993.88564,7
2024-01-08 00:08:18,993.82587,993.92526,1
2024-01-08 00:08:24,993.84972,993.94911,5
2024-01-08 00:08:30,993.83504,993.93443,2
2024-01-08 00:08:36,993.87415,993.97354,8
2024-01-08 00:08:42,993.85582,993.95521,2
2024-01-08 00:08:48,993.83757,993.93696,5
2024-01-08 00:08:54,993.85246,993.95185,6
2024-01-08 00:09:00,993.84561,993.945,2
2024-01-08 00:09:06,993.84935,993.94874,3
2024-01-08 00:09:12,993.79495,993.89434,1
2024-01-08 00:09:18,993.88172,993.98111,6
2024-01-08 00:09:24,993.87579,993.97519,4
2024-01-08 00:09:30,993.73228,993.83166,6
2024-01-08 00:09:36,993.80334,993.90273,5
2024-01-08 00:09:42,993.8499,993.94929,3
2024-01-08 00:09:48,993.84476,993.94415,6
2024-01-08 00:09:54,993.85254,993.95193,4
2024-01-08 00:10:00,993.843,993.94239,9
2024-01-08 00:10:06,993.84734,993.94673,4
2024-01-08 00:10:12,993.82399,993.92338,9
2024-01-08 00:10:18,993.87711,993.9765,6
2024-01-08 00:10:24,993.85745,993.95684,8
2024-01-08 00:10:30,993.85833,993.95772,5
2024-01-08 00:10:36,993.88412,993.98351,9
2024-01-08 00:10:42,993.78078,993.88016,8
2024-01-08 00:10:48,993.80075,993.90013,1
2024-01-08 00:10:54,993.90859,994.00799,8
2024-01-08 00:11:00,993.75943,993.85881,3
2024-01-08 00:11:06,993.85536,993.95475,7
2024-01-08 00:11:12,993.77364,993.87303,7
2024-01-08 00:11:18,993.95379,994.05319,9
2024-01-08 00:11:24,993.88347,993.98287,2
2024-01-08 00:11:30,993.87384,993.97323,5
2024-01-08 00:11:36,993.80228,993.90166,2
2024-01-08 00:11:42,993.82292,993.9223,2
2024-01-08 00:11:48,993.77845,993.87783,3
2024-01-08 00:11:54,993.86101,993.9604,5
2024-01-08 00:12:00,993.8363,993.93569,7
2024-01-08 00:12:06,993.82894,993.92833,5
2024-01-08 00:12:12,993.73554,993.83492,5
2024-01-08 00:12:18,993.7663,993.86568,9
2024-01-08 00:12:24,993.95432,994.05372,3
2024-01-08 00:12:30,993.92269,994.02208,5
2024-01-08 00:12:36,993.90645,994.00585,3
2024-01-08 00:12:42,993.89989,993.99929,2
2024-01-08 00:12:48,993.89177,993.99116,4
2024-01-08 00:12:54,993.85439,993.95378,2
2024-01-08 00:13:00,993.90079,994.00018,6
2024-01-08 00:13:06,993.87354,993.97293,3
2024-01-08 00:13:12,993.82378,993.92317,4
2024-01-08 00:13:18,993.90235,994.00174,9
2024-01-08 00:13:24,993.86651,993.9659,5
2024-01-08 00:13:30,993.95176,994.05116,9
2024-01-08 00:13:36,993.85889,993.95828,4
2024-01-08 00:13:42,993.82302,993.92241,9
2024-01-08 00:13:48,993.83056,993.92995,1
2024-01-08 00:13:54,993.79033,993.88971,2
2024-01-08 00:14:00,993.82808,993.92747,1
2024-01-08 00:14:06,993.80073,993.90011,4
2024-01-08 00:14:12,993.85056,993.94995,5
2024-01-08 00:14:18,993.80666,993.90604,3
2024-01-08 00:14:24,993.93083,994.03023,4
2024-01-08 00:14:30,993.85036,993.94975,6
2024-01-08 00:14:36,993.78726,993.88664,4
2024-01-08 00:14:42,993.86039,993.95978,9
2024-01-08 00:14:48,993.89651,993.99591,1
2024-01-08 00:14:54,993.85577,993.95516,5
2024-01-08 00:15:00,993.83027,993.92966,5
2024-01-08 00:15:06,993.80805,993.90744,1
2024-01-08 00:15:12,993.83714,993.93653,4
2024-01-08 00:15:18,993.83865,993.93804,4
2024-01-08 00:15:24,993.82231,993.9217,8
2024-01-08 00:15:30,993.81531,993.91469,9
2024-01-08 00:15:36,993.81384,993.91323,6
2024-01-08 00:15:42,993.83626,993.93565,2
2024-01-08 00:15:48,993.82286,993.92225,4
2024-01-08 00:15:54,993.88777,993.98716,6
2024-01-08 00:16:00,993.78404,993.88343,4
2024-01-08 00:16:06,993.84327,993.94266,5
2024-01-08 00:16:12,993.83288,993.93227,9
2024-01-08 00:16:18,993.93671,994.03611,2
2024-01-08 00:16:24,993.93859,994.03799,5
2024-01-08 00:16:30,993.83125,993.93063,3
2024-01-08 00:16:36,993.90765,994.00704,4
2024-01-08 00:16:42,993.79185,993.89123,2
2024-01-08 00:16:48,993.84406,993.94345,4
2024-01-08 00:16:54,993.90454,994.00394,8
2024-01-08 00:17:00,993.86502,993.96441,2
2024-01-08 00:17:06,993.78443,993.88381,2
2024-01-08 00:17:12,993.85248,993.95187,9
2024-01-08 00:17:18,993.83355,993.93294,2
2024-01-08 00:17:24,993.82578,993.92516,5
2024-01-08 00:17:30,993.78667,993.88605,9
2024-01-08 00:17:36,993.90633,994.00573,5
2024-01-08 00:17:42,993.90684,994.00623,5
2024-01-08 00:17:48,993.89444,993.99383,5
2024-01-08 00:17:54,993.8291,993.92849,1
2024-01-08 00:18:00,993.85737,993.95676,2
2024-01-08 00:18:06,993.80183,993.90121,6
2024-01-08 00:18:12,993.79947,993.89886,1
2024-01-08 00:18:18,993.74092,993.84029,6
2024-01-08 00:18:24,993.76121,993.86059,8
2024-01-08 00:18:30,993.78227,993.88165,1
2024-01-08 00:18:36,993.77991,993.87929,8
2024-01-08 00:18:42,993.84802,993.94741,8
2024-01-08 00:18:48,993.87454,993.97393,1
2024-01-08 00:18:54,993.81054,993.90993,9
2024-01-08 00:19:00,993.87887,993.97827,4
2024-01-08 00:19:06,993.86857,993.96797,1
2024-01-08 00:19:12,993.81156,993.91095,3
2024-01-08 00:19:18,993.79923,993.89861,6
2024-01-08 00:19:24,993.87182,993.97121,2
2024-01-08 00:19:30,993.8785,993.97789,2
2024-01-08 00:19:36,993.85978,993.95917,8
2024-01-08 00:19:42,993.81638,993.91577,7
2024-01-08 00:19:48,993.82995,993.92934,4
2024-01-08 00:19:54,993.75954,993.85893,4
2024-01-08 00:20:00,993.84808,993.94747,6
2024-01-08 00:20:06,993.87838,993.97778,4
2024-01-08 00:20:12,993.82192,993.92131,4
2024-01-08 00:20:18,993.81924,993.91862,3
2024-01-08 00:20:24,993.89495,993.99434,7
2024-01-08 00:20:30,993.87042,993.96981,7
2024-01-08 00:20:36,993.80463,993.90402,2
2024-01-08 00:20:42,993.76338,993.86276,2
2024-01-08 00:20:48,993.89377,993.99316,3
2024-01-08 00:20:54,993.93463,994.03403,8
2024-01-08 00:21:00,993.88514,993.98454,5
2024-01-08 00:21:06,993.89647,993.99587,7
2024-01-08 00:21:12,993.79498,993.89436,9
2024-01-08 00:21:18,993.85607,993.95546,6
2024-01-08 00:21:24,993.94282,994.04222,6
2024-01-08 00:21:30,993.80706,993.90645,5
2024-01-08 00:21:36,993.78165,993.88103,7
2024-01-08 00:21:42,993.84216,993.94155,1
2024-01-08 00:21:48,993.91231,994.01171,9
2024-01-08 00:21:54,993.89877,993.99817,1
2024-01-08 00:22:00,993.92192,994.02132,1
2024-01-08 00:22:06,993.76522,993.8646,3
2024-01-08 00:22:12,993.87126,993.97065,8
2024-01-08 00:22:18,993.8324,993.93179,6
2024-01-08 00:22:24,993.92037,994.01976,3
2024-01-08 00:22:30,993.86754,993.96693,9
2024-01-08 00:22:36,993.83107,993.93045,9
2024-01-08 00:22:42,993.86995,993.96934,5
2024-01-08 00:22:48,993.82644,993.92583,1
2024-01-08 00:22:54,993.80113,993.90051,3
2024-01-08 00:23:00,993.87735,993.97674,4
2024-01-08 00:23:06,993.89313,993.99253,6
2024-01-08 00:23:12,993.92499,994.02439,5
2024-01-08 00:23:18,993.84777,993.94716,3
2024-01-08 00:23:24,993.92157,994.02097,2
2024-01-08 00:23:30,993.89513,993.99452,1
2024-01-08 00:23:36,993.95256,994.05196,2
2024-01-08 00:23:42,993.82629,993.92568,2
2024-01-08 00:23:48,993.94527,994.04467,7
2024-01-08 00:23:54,993.88844,993.98783,1
2024-01-08 00:24:00,993.89878,993.99817,4
2024-01-08 00:24:06,993.81945,993.91883,5
2024-01-08 00:24:12,993.96044,994.05984,1
2024-01-08 00:24:18,993.90782,994.00722,5
2024-01-08 00:24:24,993.94575,994.04515,3
2024-01-08 00:24:30,993.8936,993.993,4
2024-01-08 00:24:36,993.84282,993.94221,7
2024-01-08 00:24:42,993.78795,993.88733,5
2024-01-08 00:24:48,993.85746,993.95685,7
2024-01-08 00:24:54,993.81248,993.91186,1
2024-01-08 00:25:00,993.75443,993.85381,6
2024-01-08 00:25:06,993.88597,993.98536,3
2024-01-08 00:25:12,993.80304,993.90242,4
2024-01-08 00:25:18,993.90915,994.00854,7
2024-01-08 00:25:24,993.85373,993.95312,3
2024-01-08 00:25:30,993.86092,993.96031,6
2024-01-08 00:25:36,993.85046,993.94985,4
2024-01-08 00:25:42,993.81407,993.91345,8
2024-01-08 00:25:48,993.81969,993.91908,1
2024-01-08 00:25:54,993.80736,993.90675,5
2024-01-08 00:26:00,993.7713,993.87068,4
2024-01-08 00:26:06,993.86077,993.96016,4
2024-01-08 00:26:12,993.90368,994.00307,8
2024-01-08 00:26:18,993.82416,993.92355,9
2024-01-08 00:26:24,993.82779,993.92718,5
2024-01-08 00:26:30,993.95022,994.04962,5
2024-01-08 00:26:36,993.81885,993.91823,2
2024-01-08 00:26:42,993.85429,993.95368,4
2024-01-08 00:26:48,993.83965,993.93904,4
2024-01-08 00:26:54,993.88004,993.97944,4
2024-01-08 00:27:00,993.7695,993.86888,3
2024-01-08 00:27:06,993.72051,993.81989,8
2024-01-08 00:27:12,993.86605,993.96544,8
2024-01-08 00:27:18,993.90398,994.00338,7
2024-01-08 00:27:24,993.78929,993.88867,4
2024-01-08 00:27:30,993.86363,993.96302,7
2024-01-08 00:27:36,993.76482,993.8642,6
2024-01-08 00:27:42,993.88749,993.98688,2
2024-01-08 00:27:48,993.79567,993.89505,1
2024-01-08 00:27:54,993.8281,993.92749,4
2024-01-08 00:28:00,993.77726,993.87664,5
2024-01-08 00:28:06,993.79504,993.89443,3
2024-01-08 00:28:12,993.87129,993.97068,5
2024-01-08 00:28:18,993.87966,993.97906,7
2024-01-08 00:28:24,993.83876,993.93814,8
2024-01-08 00:28:30,993.79281,993.89219,3
2024-01-08 00:28:36,993.86449,993.96389,7
2024-01-08 00:28:42,993.7643,993.86368,9
2024-01-08 00:28:48,993.78812,993.8875,3
2024-01-08 00:28:54,993.81836,993.91774,2
2024-01-08 00:29:00,993.91018,994.00958,8
2024-01-08 00:29:06,993.82174,993.92112,6
2024-01-08 00:29:12,993.89358,993.99298,5
2024-01-08 00:29:18,993.74464,993.84402,5
2024-01-08 00:29:24,993.78601,993.88539,1
2024-01-08 00:29:30,993.81046,993.90984,3
2024-01-08 00:29:36,993.8852,993.9846,5
2024-01-08 00:29:42,993.82073,993.92012,8
2024-01-08 00:29:48,993.80695,993.90633,5
2024-01-08 00:29:54,993.84873,993.94812,6
2024-01-08 00:30:00,993.91611,994.01551,7
2024-01-08 00:30:06,993.81479,993.91417,9
2024-01-08 00:30:12,993.86913,993.96852,6
2024-01-08 00:30:18,993.86359,993.96298,1
2024-01-08 00:30:24,993.85407,993.95346,7
2024-01-08 00:30:30,993.80171,993.90109,8
2024-01-08 00:30:36,993.82895,993.92833,4
2024-01-08 00:30:42,993.83336,993.93275,1
2024-01-08 00:30:48,993.87316,993.97255,1
2024-01-08 00:30:54,993.87609,993.97548,3
2024-01-08 00:31:00,993.82616,993.92555,9
2024-01-08 00:31:06,993.8712,993.97059,3
2024-01-08 00:31:12,993.8465,993.94589,1
2024-01-08 00:31:18,993.78683,993.88621,6
2024-01-08 00:31:24,993.78036,993.87975,9
2024-01-08 00:31:30,993.85829,993.95769,8
2024-01-08 00:31:36,993.76345,993.86284,6
2024-01-08 00:31:42,993.78361,993.883,9
2024-01-08 00:31:48,993.93558,994.03498,1
2024-01-08 00:31:54,993.88615,993.98555,1
2024-01-08 00:32:00,993.89159,993.99099,5
2024-01-08 00:32:06,993.87164,993.97103,8
2024-01-08 00:32:12,993.81669,993.91608,3
2024-01-08 00:32:18,993.88184,993.98124,5
2024-01-08 00:32:24,993.8559,993.95529,1
2024-01-08 00:32:30,993.87474,993.97413,3
2024-01-08 00:32:36,993.81466,993.91405,3
2024-01-08 00:32:42,993.76896,993.86834,8
2024-01-08 00:32:48,993.74804,993.84742,6
2024-01-08 00:32:54,993.8473,993.94669,9
2024-01-08 00:33:00,993.8424,993.94179,8
2024-01-08 00:33:06,993.80873,993.90812,3
2024-01-08 00:33:12,993.85175,993.95114,6
2024-01-08 00:33:18,993.81938,993.91876,4
2024-01-08 00:33:24,993.96465,994.06406,9
2024-01-08 00:33:30,993.81754,993.91693,5
2024-01-08 00:33:36,993.79958,993.89896,1
2024-01-08 00:33:42,993.82003,993.91942,5
2024-01-08 00:33:48,993.85644,993.95583,9
2024-01-08 00:33:54,993.81073,993.91011,9
2024-01-08 00:34:00,993.79225,993.89164,5
2024-01-08 00:34:06,993.74803,993.84741,1
2024-01-08 00:34:12,993.81351,993.9129,6
2024-01-08 00:34:18,993.79378,993.89317,1
2024-01-08 00:34:24,993.79298,993.89237,6
2024-01-08 00:34:30,993.86694,993.96633,2
2024-01-08 00:34:36,993.86749,993.96688,3
2024-01-08 00:34:42,993.87787,993.97726,7
2024-01-08 00:34:48,993.89523,993.99462,6
2024-01-08 00:34:54,993.83355,993.93293,2
2024-01-08 00:35:00,993.8378,993.93719,4
2024-01-08 00:35:06,993.85899,993.95838,7
2024-01-08 00:35:12,993.8703,993.96969,9
2024-01-08 00:35:18,993.75659,993.85597,5
2024-01-08 00:35:24,993.87992,993.97931,2
2024-01-08 00:35:30,993.8519,993.95129,5
2024-01-08 00:35:36,993.90288,994.00227,2
2024-01-08 00:35:42,993.79881,993.8982,9
2024-01-08 00:35:48,993.81622,993.91561,3
2024-01-08 00:35:54,993.91953,994.01893,6
2024-01-08 00:36:00,993.77879,993.87818,2
2024-01-08 00:36:06,993.84492,993.94431,9
2024-01-08 00:36:12,993.91548,994.01488,1
2024-01-08 00:36:18,993.86198,993.96137,4
2024-01-08 00:36:24,993.92986,994.02925,3
2024-01-08 00:36:30,993.86051,993.9599,3
2024-01-08 00:36:36,993.8261,993.92549,2
2024-01-08 00:36:42,993.91844,994.01784,7
2024-01-08 00:36:48,993.86745,993.96685,8
2024-01-08 00:36:54,993.91472,994.01412,8
2024-01-08 00:37:00,993.82169,993.92108,6
2024-01-08 00:37:06,993.82607,993.92546,1
2024-01-08 00:37:12,993.7189,993.81828,7
2024-01-08 00:37:18,993.89476,993.99415,5
2024-01-08 00:37:24,993.79362,993.89301,9
2024-01-08 00:37:30,993.82167,993.92106,4
2024-01-08 00:37:36,993.9008,994.0002,8
2024-01-08 00:37:42,993.89708,993.99647,8
2024-01-08 00:37:48,993.90843,994.00783,4
2024-01-08 00:37:54,993.88461,993.984,7
2024-01-08 00:38:00,993.8186,993.91799,6
2024-01-08 00:38:06,993.88028,993.97967,1
2024-01-08 00:38:12,993.89299,993.99238,4
2024-01-08 00:38:18,993.84071,993.9401,2
2024-01-08 00:38:24,993.89652,993.99592,9
2024-01-08 00:38:30,993.85384,993.95323,9
2024-01-08 00:38:36,993.83494,993.93433,5
2024-01-08 00:38:42,993.87551,993.97491,2
2024-01-08 00:38:48,993.89266,993.99205,4
2024-01-08 00:38:54,993.78662,993.88601,4
2024-01-08 00:39:00,993.75467,993.85405,4
2024-01-08 00:39:06,993.94647,994.04587,2
2024-01-08 00:39:12,993.83095,993.93034,8
2024-01-08 00:39:18,993.86931,993.9687,9
2024-01-08 00:39:24,993.86967,993.96906,5
2024-01-08 00:39:30,993.83079,993.93018,8
2024-01-08 00:39:36,993.85771,993.95711,1
2024-01-08 00:39:42,993.80878,993.90816,3
2024-01-08 00:39:48,993.9008,994.0002,8
2024-01-08 00:39:54,993.86926,993.96865,7
2024-01-08 00:40:00,993.83533,993.93472,2
2024-01-08 00:40:06,993.77287,993.87225,2
2024-01-08 00:40:12,993.8838,993.9832,5
2024-01-08 00:40:18,993.7317,993.83108,3
2024-01-08 00:40:24,993.90629,994.00568,3
2024-01-08 00:40:30,993.91954,994.01893,5
2024-01-08 00:40:36,993.83858,993.93797,3
2024-01-08 00:40:42,993.72258,993.82196,8
2024-01-08 00:40:48,993.86907,993.96846,6
2024-01-08 00:40:54,993.84395,993.94334,2
2024-01-08 00:41:00,993.85359,993.95298,2
2024-01-08 00:41:06,993.79771,993.8971,9
2024-01-08 00:41:12,993.85977,993.95916,3
2024-01-08 00:41:18,993.95374,994.05314,7
2024-01-08 00:41:24,993.80116,993.90055,9
2024-01-08 00:41:30,993.88459,993.98399,1
2024-01-08 00:41:36,993.78546,993.88485,3
2024-01-08 00:41:42,993.86853,993.96792,1
2024-01-08 00:41:48,993.87017,993.96956,3
2024-01-08 00:41:54,993.84273,993.94212,1
2024-01-08 00:42:00,993.96793,994.06733,8
2024-01-08 00:42:06,993.82683,993.92622,6
2024-01-08 00:42:12,993.80139,993.90077,8
2024-01-08 00:42:18,993.84262,993.94201,7
2024-01-08 00:42:24,993.88416,993.98356,5
2024-01-08 00:42:30,993.86679,993.96618,2
2024-01-08 00:42:36,993.81896,993.91835,4
2024-01-08 00:42:42,993.84914,993.94853,7
2024-01-08 00:42:48,993.87618,993.97557,9
2024-01-08 00:42:54,993.82414,993.92352,6
2024-01-08 00:43:00,993.87505,993.97444,6
2024-01-08 00:43:06,993.83351,993.9329,8
2024-01-08 00:43:12,993.90312,994.00252,1
2024-01-08 00:43:18,993.90901,994.00841,2
2024-01-08 00:43:24,993.87142,993.97081,6
2024-01-08 00:43:30,993.8723,993.9717,3
2024-01-08 00:43:36,993.84978,993.94917,7
2024-01-08 00:43:42,993.89585,993.99524,9
2024-01-08 00:43:48,993.83302,993.93241,9
2024-01-08 00:43:54,993.84067,993.94006,8
2024-01-08 00:44:00,993.83584,993.93523,4
2024-01-08 00:44:06,993.76914,993.86852,6
2024-01-08 00:44:12,993.93661,994.036,7
2024-01-08 00:44:18,993.88144,993.98084,1
2024-01-08 00:44:24,993.76148,993.86086,4
2024-01-08 00:44:30,993.82121,993.92059,5
2024-01-08 00:44:36,993.89816,993.99756,4
2024-01-08 00:44:42,993.80288,993.90226,3
2024-01-08 00:44:48,993.82656,993.92594,7
2024-01-08 00:44:54,993.87594,993.97533,5
2024-01-08 00:45:00,993.80821,993.90759,4
2024-01-08 00:45:06,993.88483,993.98422,8
2024-01-08 00:45:12,993.85279,993.95218,9
2024-01-08 00:45:18,993.91615,994.01555,4
2024-01-08 00:45:24,993.77541,993.8748,9
2024-01-08 00:45:30,993.89843,993.99783,9
2024-01-08 00:45:36,993.81876,993.91815,9
2024-01-08 00:45:42,993.93171,994.0311,3
2024-01-08 00:45:48,993.85471,993.9541,4
2024-01-08 00:45:54,993.8175,993.91689,9
2024-01-08 00:46:00,993.78626,993.88564,1
2024-01-08 00:46:06,993.80405,993.90344,9
2024-01-08 00:46:12,993.82934,993.92873,8
2024-01-08 00:46:18,993.91403,994.01342,4
2024-01-08 00:46:24,993.93739,994.03679,4
2024-01-08 00:46:30,993.8459,993.94529,4
2024-01-08 00:46:36,993.88173,993.98112,4
2024-01-08 00:46:42,993.8203,993.91969,4
2024-01-08 00:46:48,993.84442,993.94381,7
2024-01-08 00:46:54,993.85877,993.95816,3
2024-01-08 00:47:00,993.88103,993.98042,8
2024-01-08 00:47:06,993.83342,993.93281,6
2024-01-08 00:47:12,993.82146,993.92085,9
2024-01-08 00:47:18,993.78153,993.88091,5
2024-01-08 00:47:24,993.87068,993.97007,6
2024-01-08 00:47:30,993.95226,994.05166,5
2024-01-08 00:47:36,993.81542,993.91481,8
2024-01-08 00:47:42,993.81779,993.91717,4
2024-01-08 00:47:48,993.79325,993.89264,4
2024-01-08 00:47:54,993.93561,994.035,8
2024-01-08 00:48:00,993.87547,993.97486,1
2024-01-08 00:48:06,993.96137,994.06078,8
2024-01-08 00:48:12,993.87988,993.97927,1
2024-01-08 00:48:18,993.82044,993.91983,8
2024-01-08 00:48:24,993.86076,993.96015,8
2024-01-08 00:48:30,993.87442,993.97381,5
2024-01-08 00:48:36,993.85928,993.95867,9
2024-01-08 00:48:42,993.79598,993.89536,2
2024-01-08 00:48:48,993.83586,993.93525,5
2024-01-08 00:48:54,993.9049,994.0043,7
2024-01-08 00:49:00,993.86915,993.96854,2
2024-01-08 00:49:06,993.82258,993.92197,8
2024-01-08 00:49:12,993.89382,993.99321,7
2024-01-08 00:49:18,993.90926,994.00865,6
2024-01-08 00:49:24,993.78379,993.88318,9
2024-01-08 00:49:30,993.89475,993.99414,7
2024-01-08 00:49:36,993.92329,994.02269,1
2024-01-08 00:49:42,993.86259,993.96199,5
2024-01-08 00:49:48,993.80966,993.90905,8
2024-01-08 00:49:54,993.84057,993.93996,5
2024-01-08 00:50:00,993.94287,994.04227,7
2024-01-08 00:50:06,993.96074,994.06014,2
2024-01-08 00:50:12,993.82246,993.92185,8
2024-01-08 00:50:18,993.89933,993.99873,4
2024-01-08 00:50:24,993.84893,993.94832,3
2024-01-08 00:50:30,993.83534,993.93472,7
2024-01-08 00:50:36,993.87046,993.96985,9
2024-01-08 00:50:42,993.8284,993.92779,3
2024-01-08 00:50:48,993.77825,993.87763,3
2024-01-08 00:50:54,993.91649,994.01589,8
2024-01-08 00:51:00,993.85433,993.95373,6
2024-01-08 00:51:06,993.85663,993.95602,4
2024-01-08 00:51:12,993.81774,993.91712,9
2024-01-08 00:51:18,993.81361,993.91299,3
2024-01-08 00:51:24,993.84352,993.94291,7
2024-01-08 00:51:30,993.87509,993.97448,6
2024-01-08 00:51:36,993.85668,993.95608,5
2024-01-08 00:51:42,993.81948,993.91887,2
2024-01-08 00:51:48,993.86215,993.96154,2
2024-01-08 00:51:54,993.87152,993.97092,3
2024-01-08 00:52:00,993.83458,993.93397,9
2024-01-08 00:52:06,993.80412,993.90351,1
2024-01-08 00:52:12,993.85437,993.95376,4
2024-01-08 00:52:18,993.84345,993.94284,7
2024-01-08 00:52:24,993.87252,993.97191,9
2024-01-08 00:52:30,993.77475,993.87414,4
2024-01-08 00:52:36,993.82011,993.9195,6
2024-01-08 00:52:42,993.82094,993.92033,3
2024-01-08 00:52:48,993.84895,993.94834,2
2024-01-08 00:52:54,993.8781,993.97749,9
2024-01-08 00:53:00,993.8771,993.97649,1
2024-01-08 00:53:06,993.77945,993.87883,6
2024-01-08 00:53:12,993.90538,994.00478,7
2024-01-08 00:53:18,993.86824,993.96764,9
2024-01-08 00:53:24,993.85272,993.95211,5
2024-01-08 00:53:30,993.85432,993.95371,6
2024-01-08 00:53:36,993.90689,994.00629,5
2024-01-08 00:53:42,993.85095,993.95034,9
2024-01-08 00:53:48,993.92865,994.02805,3
2024-01-08 00:53:54,993.86338,993.96277,6
2024-01-08 00:54:00,993.7952,993.89458,6
2024-01-08 00:54:06,993.91547,994.01487,5
2024-01-08 00:54:12,993.85369,993.95308,1
2024-01-08 00:54:18,993.89986,993.99925,3
2024-01-08 00:54:24,993.92621,994.0256,5
2024-01-08 00:54:30,993.77125,993.87064,5
2024-01-08 00:54:36,993.87493,993.97432,5
2024-01-08 00:54:42,993.85672,993.95611,5
2024-01-08 00:54:48,993.79757,993.89695,6
2024-01-08 00:54:54,993.92146,994.02086,7
2024-01-08 00:55:00,993.80603,993.90542,8
2024-01-08 00:55:06,993.78228,993.88167,4
2024-01-08 00:55:12,993.83298,993.93237,3
2024-01-08 00:55:18,993.79095,993.89034,1
2024-01-08 00:55:24,993.86395,993.96334,2
2024-01-08 00:55:30,993.86501,993.9644,5
2024-01-08 00:55:36,993.82646,993.92585,5
2024-01-08 00:55:42,993.9405,994.0399,3
2024-01-08 00:55:48,993.81536,993.91474,9
2024-01-08 00:55:54,993.90393,994.00332,3
2024-01-08 00:56:00,993.77508,993.87446,3
2024-01-08 00:56:06,993.83275,993.93214,1
2024-01-08 00:56:12,993.85062,993.95001,5
2024-01-08 00:56:18,993.8117,993.91108,5
2024-01-08 00:56:24,993.86723,993.96663,2
2024-01-08 00:56:30,993.85769,993.95708,6
2024-01-08 00:56:36,993.85792,993.95731,7
2024-01-08 00:56:42,993.86007,993.95946,3
2024-01-08 00:56:48,993.83133,993.93072,4
2024-01-08 00:56:54,993.75913,993.85851,8
2024-01-08 00:57:00,993.83784,993.93722,3
2024-01-08 00:57:06,993.85588,993.95527,4
2024-01-08 00:57:12,993.81831,993.9177,3
2024-01-08 00:57:18,993.80939,993.90878,5
2024-01-08 00:57:24,993.79999,993.89938,5
2024-01-08 00:57:30,993.87237,993.97176,8
2024-01-08 00:57:36,993.84996,993.94935,5
2024-01-08 00:57:42,993.89297,993.99237,3
2024-01-08 00:57:48,993.84568,993.94507,9
2024-01-08 00:57:54,993.84737,993.94676,4
2024-01-08 00:58:00,993.86052,993.95991,3
2024-01-08 00:58:06,993.86533,993.96472,7
2024-01-08 00:58:12,993.82597,993.92536,4
2024-01-08 00:58:18,993.86494,993.96433,1
2024-01-08 00:58:24,993.81202,993.91141,1
2024-01-08 00:58:30,993.86114,993.96053,7
2024-01-08 00:58:36,993.81189,993.91128,2
2024-01-08 00:58:42,993.8161,993.91549,2
2024-01-08 00:58:48,993.862,993.96139,3
2024-01-08 00:58:54,993.86977,993.96917,3
2024-01-08 00:59:00,993.83776,993.93715,2
2024-01-08 00:59:06,993.84743,993.94682,5
2024-01-08 00:59:12,993.88793,993.98732,9
2024-01-08 00:59:18,993.83048,993.92987,6
2024-01-08 00:59:24,993.78402,993.8834,6
2024-01-08 00:59:30,993.91119,994.01058,1
2024-01-08 00:59:36,993.88329,993.98268,4
2024-01-08 00:59:42,993.84668,993.94607,1
2024-01-08 00:59:48,993.93793,994.03733,4
2024-01-08 00:59:54,993.86911,993.9685,2
2024-01-08 01:00:00,993.85368,993.95307,6
2024-01-08 01:00:06,993.88419,993.98358,8
2024-01-08 01:00:12,993.86905,993.96845,6
2024-01-08 01:00:18,993.97002,994.06942,3
2024-01-08 01:00:24,993.8181,993.91748,4
2024-01-08 01:00:30,993.90676,994.00616,6
2024-01-08 01:00:36,993.88935,993.98874,6
2024-01-08 01:00:42,993.87749,993.97689,3
2024-01-08 01:00:48,993.84028,993.93967,8
2024-01-08 01:00:54,993.81274,993.91213,7
2024-01-08 01:01:00,993.89465,993.99405,6
2024-01-08 01:01:06,993.76973,993.86911,5
2024-01-08 01:01:12,993.90705,994.00645,8
2024-01-08 01:01:18,993.88434,993.98373,6
2024-01-08 01:01:24,993.88046,993.97986,1
2024-01-08 01:01:30,993.81662,993.91601,1
2024-01-08 01:01:36,993.86017,993.95956,4
2024-01-08 01:01:42,993.79708,993.89647,4
2024-01-08 01:01:48,993.82864,993.92802,9
2024-01-08 01:01:54,993.93332,994.03272,6
2024-01-08 01:02:00,993.87828,993.97767,2
2024-01-08 01:02:06,993.85226,993.95165,6
2024-01-08 01:02:12,993.85666,993.95605,3
2024-01-08 01:02:18,993.88984,993.98923,1
2024-01-08 01:02:24,993.82667,993.92606,5
2024-01-08 01:02:30,993.88221,993.9816,6
2024-01-08 01:02:36,993.81963,993.91902,5
2024-01-08 01:02:42,993.88657,993.98597,9
2024-01-08 01:02:48,993.88658,993.98597,3
2024-01-08 01:02:54,993.8157,993.91509,6
2024-01-08 01:03:00,993.85061,993.95,5
2024-01-08 01:03:06,993.91466,994.01405,7
2024-01-08 01:03:12,993.86898,993.96837,7
2024-01-08 01:03:18,993.84195,993.94134,1
2024-01-08 01:03:24,993.78818,993.88756,4
2024-01-08 01:03:30,993.90845,994.00784,2
2024-01-08 01:03:36,993.78234,993.88172,6
2024-01-08 01:03:42,993.84904,993.94843,6
2024-01-08 01:03:48,993.87968,993.97907,7
2024-01-08 01:03:54,993.75242,993.8518,7
2024-01-08 01:04:00,993.86421,993.9636,4
2024-01-08 01:04:06,993.89112,993.99051,7
2024-01-08 01:04:12,993.93916,994.03856,1
2024-01-08 01:04:18,993.93988,994.03928,4
2024-01-08 01:04:24,993.86389,993.96328,7
2024-01-08 01:04:30,993.90745,994.00685,4
2024-01-08 01:04:36,993.89845,993.99784,2
2024-01-08 01:04:42,993.89573,993.99513,8
2024-01-08 01:04:48,993.77644,993.87583,9
2024-01-08 01:04:54,993.84485,993.94424,9
2024-01-08 01:05:00,993.80879,993.90818,4
2024-01-08 01:05:06,993.75506,993.85444,5
2024-01-08 01:05:12,993.817,993.91638,5
2024-01-08 01:05:18,993.79406,993.89344,2
2024-01-08 01:05:24,993.88645,993.98585,2
2024-01-08 01:05:30,993.79315,993.89254,1
2024-01-08 01:05:36,993.87249,993.97189,6
2024-01-08 01:05:42,993.7928,993.89219,6
2024-01-08 01:05:48,993.94994,994.04934,2
2024-01-08 01:05:54,993.87967,993.97907,6
2024-01-08 01:06:00,993.78365,993.88303,2
2024-01-08 01:06:06,993.8513,993.95069,3
2024-01-08 01:06:12,993.83794,993.93733,9
2024-01-08 01:06:18,993.82802,993.92741,1
2024-01-08 01:06:24,993.85336,993.95275,3
2024-01-08 01:06:30,993.83276,993.93215,8
2024-01-08 01:06:36,993.8277,993.92709,9
2024-01-08 01:06:42,993.80906,993.90845,9
2024-01-08 01:06:48,993.88584,993.98524,2
2024-01-08 01:06:54,993.86974,993.96913,2
2024-01-08 01:07:00,993.87087,993.97026,1
2024-01-08 01:07:06,993.90572,994.00511,6
2024-01-08 01:07:12,993.78358,993.88296,3
2024-01-08 01:07:18,993.81844,993.91783,6
2024-01-08 01:07:24,993.82223,993.92162,5
2024-01-08 01:07:30,993.78755,993.88693,6
2024-01-08 01:07:36,993.8242,993.92359,2
2024-01-08 01:07:42,993.85907,993.95846,6
2024-01-08 01:07:48,993.92334,994.02274,5
2024-01-08 01:07:54,993.78973,993.88911,7
2024-01-08 01:08:00,993.85664,993.95603,1
2024-01-08 01:08:06,993.85578,993.95517,1
2024-01-08 01:08:12,993.88505,993.98444,7
2024-01-08 01:08:18,993.80783,993.90722,7
2024-01-08 01:08:24,993.85035,993.94974,9
2024-01-08 01:08:30,993.83887,993.93826,7
2024-01-08 01:08:36,993.79591,993.89529,4
2024-01-08 01:08:42,993.81833,993.91771,9
2024-01-08 01:08:48,993.7555,993.85488,7
2024-01-08 01:08:54,993.91309,994.01249,7
2024-01-08 01:09:00,993.90096,994.00035,8
2024-01-08 01:09:06,993.83747,993.93686,3
2024-01-08 01:09:12,993.8701,993.96949,3
2024-01-08 01:09:18,993.78638,993.88576,8
2024-01-08 01:09:24,993.88487,993.98426,4
2024-01-08 01:09:30,993.8706,993.96999,4
2024-01-08 01:09:36,993.81479,993.91418,1
2024-01-08 01:09:42,993.74585,993.84523,7
2024-01-08 01:09:48,993.86678,993.96617,9
2024-01-08 01:09:54,993.8016,993.90098,3
2024-01-08 01:10:00,993.85503,993.95442,2
2024-01-08 01:10:06,993.85853,993.95792,7
2024-01-08 01:10:12,993.83124,993.93062,5
2024-01-08 01:10:18,993.81308,993.91246,1
2024-01-08 01:10:24,993.93797,994.03737,2
2024-01-08 01:10:30,993.84339,993.94278,7
2024-01-08 01:10:36,993.79169,993.89107,7
2024-01-08 01:10:42,993.92618,994.02558,2
2024-01-08 01:10:48,993.8474,993.94679,2
2024-01-08 01:10:54,993.9153,994.0147,5
2024-01-08 01:11:00,993.88755,993.98694,4
2024-01-08 01:11:06,993.86777,993.96716,4
2024-01-08 01:11:12,993.86971,993.9691,2
2024-01-08 01:11:18,993.87514,993.97453,3
2024-01-08 01:11:24,993.84297,993.94236,2
2024-01-08 01:11:30,993.90296,994.00235,7
2024-01-08 01:11:36,993.89412,993.99352,1
2024-01-08 01:11:42,993.88117,993.98057,1
2024-01-08 01:11:48,993.87035,993.96974,8
2024-01-08 01:11:54,993.90787,994.00726,9
2024-01-08 01:12:00,993.86871,993.9681,2
2024-01-08 01:12:06,993.94753,994.04693,2
2024-01-08 01:12:12,993.88808,993.98747,7
2024-01-08 01:12:18,993.83794,993.93732,6
2024-01-08 01:12:24,993.84447,993.94386,9
2024-01-08 01:12:30,993.78974,993.88913,6
2024-01-08 01:12:36,993.78464,993.88402,4
2024-01-08 01:12:42,993.8534,993.95279,1
2024-01-08 01:12:48,993.87714,993.97653,7
2024-01-08 01:12:54,993.89738,993.99678,5
2024-01-08 01:13:00,993.86465,993.96404,3
2024-01-08 01:13:06,993.82712,993.92651,5
2024-01-08 01:13:12,993.88605,993.98544,8
2024-01-08 01:13:18,993.83518,993.93457,7
2024-01-08 01:13:24,993.92446,994.02385,8
2024-01-08 01:13:30,993.83236,993.93175,5
2024-01-08 01:13:36,993.80179,993.90117,6
2024-01-08 01:13:42,993.84208,993.94147,2
2024-01-08 01:13:48,993.87777,993.97716,6
2024-01-08 01:13:54,993.87917,993.97856,1
2024-01-08 01:14:00,993.85268,993.95207,4
2024-01-08 01:14:06,993.84418,993.94357,1
2024-01-08 01:14:12,993.84708,993.94647,6
2024-01-08 01:14:18,993.76951,993.86889,3
2024-01-08 01:14:24,993.91958,994.01898,6
2024-01-08 01:14:30,993.89108,993.99047,2
2024-01-08 01:14:36,993.77685,993.87623,3
2024-01-08 01:14:42,993.81533,993.91471,4
2024-01-08 01:14:48,993.78054,993.87993,1
2024-01-08 01:14:54,993.91399,994.01339,9
2024-01-08 01:15:00,993.87103,993.97042,6
2024-01-08 01:15:06,993.83297,993.93236,1
2024-01-08 01:15:12,993.88875,993.98815,6
2024-01-08 01:15:18,993.91908,994.01847,2
2024-01-08 01:15:24,993.88498,993.98438,3
2024-01-08 01:15:30,993.87406,993.97345,6
2024-01-08 01:15:36,993.82555,993.92494,6
2024-01-08 01:15:42,993.82935,993.92873,9
2024-01-08 01:15:48,993.76028,993.85966,4
2024-01-08 01:15:54,993.8281,993.92748,3
2024-01-08 01:16:00,993.79766,993.89704,7
2024-01-08 01:16:06,993.87909,993.97848,9
2024-01-08 01:16:12,993.88323,993.98263,4
2024-01-08 01:16:18,993.78062,993.88,3
2024-01-08 01:16:24,993.80762,993.90701,8
2024-01-08 01:16:30,993.90384,994.00324,1
2024-01-08 01:16:36,993.84081,993.9402,9
2024-01-08 01:16:42,993.83141,993.9308,3
2024-01-08 01:16:48,993.90222,994.00162,6
2024-01-08 01:16:54,993.81871,993.9181,1
2024-01-08 01:17:00,993.87067,993.97006,8
2024-01-08 01:17:06,993.87539,993.97479,3
2024-01-08 01:17:12,993.8776,993.97699,5
2024-01-08 01:17:18,993.82281,993.9222,8
2024-01-08 01:17:24,993.77633,993.87571,9
2024-01-08 01:17:30,993.84564,993.94503,7
2024-01-08 01:17:36,993.81464,993.91402,9
2024-01-08 01:17:42,993.81192,993.91131,3
2024-01-08 01:17:48,993.79274,993.89212,8
2024-01-08 01:17:54,993.82618,993.92557,5
2024-01-08 01:18:00,993.80522,993.9046,6
2024-01-08 01:18:06,993.81508,993.91446,4
2024-01-08 01:18:12,993.80556,993.90495,6
2024-01-08 01:18:18,993.82575,993.92514,1
2024-01-08 01:18:24,993.82766,993.92704,1
2024-01-08 01:18:30,993.84474,993.94413,8
2024-01-08 01:18:36,993.87927,993.97866,6
2024-01-08 01:18:42,993.78252,993.8819,8
2024-01-08 01:18:48,993.78603,993.88541,5
2024-01-08 01:18:54,993.81085,993.91023,2
2024-01-08 01:19:00,993.80929,993.90867,1
2024-01-08 01:19:06,993.86192,993.96131,9
2024-01-08 01:19:12,993.80185,993.90123,1
2024-01-08 01:19:18,993.86804,993.96743,5
2024-01-08 01:19:24,993.84685,993.94624,9
2024-01-08 01:19:30,993.90678,994.00618,1
2024-01-08 01:19:36,993.89325,993.99264,8
2024-01-08 01:19:42,993.79519,993.89458,8
2024-01-08 01:19:48,993.78538,993.88476,3
2024-01-08 01:19:54,993.89758,993.99698,6
2024-01-08 01:20:00,993.83601,993.9354,9
2024-01-08 01:20:06,993.86577,993.96516,9
2024-01-08 01:20:12,993.7573,993.85668,5
2024-01-08 01:20:18,993.79741,993.89679,1
2024-01-08 01:20:24,993.78564,993.88503,7
2024-01-08 01:20:30,993.85682,993.95621,1
2024-01-08 01:20:36,993.93197,994.03137,3
2024-01-08 01:20:42,993.94602,994.04542,5
2024-01-08 01:20:48,993.93996,994.03936,5
2024-01-08 01:20:54,993.9575,994.0569,8
2024-01-08 01:21:00,993.80896,993.90834,8
2024-01-08 01:21:06,993.78718,993.88656,6
2024-01-08 01:21:12,993.8211,993.92049,5
2024-01-08 01:21:18,993.83322,993.9326,4
2024-01-08 01:21:24,993.83263,993.93202,8
2024-01-08 01:21:30,993.86933,993.96873,1
2024-01-08 01:21:36,993.88032,993.97972,8
2024-01-08 01:21:42,993.81379,993.91318,6
2024-01-08 01:21:48,993.75159,993.85097,5
2024-01-08 01:21:54,993.85436,993.95375,7
2024-01-08 01:22:00,993.91043,994.00983,8
2024-01-08 01:22:06,993.82687,993.92626,4
2024-01-08 01:22:12,993.71765,993.81703,1
2024-01-08 01:22:18,993.91495,994.01434,9
2024-01-08 01:22:24,993.84851,993.9479,3
2024-01-08 01:22:30,993.81164,993.91103,7
2024-01-08 01:22:36,993.80246,993.90184,1
2024-01-08 01:22:42,993.82196,993.92135,9
2024-01-08 01:22:48,993.87178,993.97117,2
2024-01-08 01:22:54,993.87086,993.97026,3
2024-01-08 01:23:00,993.82113,993.92052,2
2024-01-08 01:23:06,993.74204,993.84142,8
2024-01-08 01:23:12,993.87422,993.97361,8
2024-01-08 01:23:18,993.9619,994.0613,2
2024-01-08 01:23:24,993.81726,993.91665,9
2024-01-08 01:23:30,993.7381,993.83748,1
2024-01-08 01:23:36,993.80893,993.90832,9
2024-01-08 01:23:42,993.92185,994.02125,9
2024-01-08 01:23:48,993.88249,993.98188,9
2024-01-08 01:23:54,993.88407,993.98346,2
2024-01-08 01:24:00,993.91972,994.01912,1
2024-01-08 01:24:06,993.91578,994.01518,9
2024-01-08 01:24:12,993.90896,994.00835,2
2024-01-08 01:24:18,993.84332,993.94271,5
2024-01-08 01:24:24,993.8451,993.94449,4
2024-01-08 01:24:30,993.75362,993.85301,9
2024-01-08 01:24:36,993.93877,994.03816,8
2024-01-08 01:24:42,993.90449,994.00388,1
2024-01-08 01:24:48,993.80895,993.90834,6
2024-01-08 01:24:54,993.90439,994.00379,1
2024-01-08 01:25:00,993.7386,993.83798,5
2024-01-08 01:25:06,993.91993,994.01932,5
2024-01-08 01:25:12,993.82463,993.92401,7
2024-01-08 01:25:18,993.81416,993.91354,6
2024-01-08 01:25:24,993.87855,993.97794,4
2024-01-08 01:25:30,993.88874,993.98813,2
2024-01-08 01:25:36,993.80997,993.90935,3
2024-01-08 01:25:42,993.85263,993.95202,5
2024-01-08 01:25:48,993.87417,993.97356,4
2024-01-08 01:25:54,993.85483,993.95422,9
2024-01-08 01:26:00,993.84732,993.94671,3
2024-01-08 01:26:06,993.82064,993.92003,2
2024-01-08 01:26:12,993.8937,993.99309,4
2024-01-08 01:26:18,993.83154,993.93093,8
2024-01-08 01:26:24,993.7907,993.89008,6
2024-01-08 01:26:30,993.8137,993.91309,9
2024-01-08 01:26:36,993.96823,994.06763,6
2024-01-08 01:26:42,993.84047,993.93985,2
2024-01-08 01:26:48,993.78669,993.88608,8
2024-01-08 01:26:54,993.85377,993.95316,6
2024-01-08 01:27:00,993.84465,993.94404,4
2024-01-08 01:27:06,993.91518,994.01458,9
2024-01-08 01:27:12,993.84404,993.94343,4
2024-01-08 01:27:18,993.9036,994.003,7
2024-01-08 01:27:24,993.81708,993.91647,6
2024-01-08 01:27:30,993.85052,993.94991,1
2024-01-08 01:27:36,993.85133,993.95072,6
2024-01-08 01:27:42,993.8798,993.9792,6
2024-01-08 01:27:48,993.88261,993.982,6
2024-01-08 01:27:54,993.84372,993.94311,5
2024-01-08 01:28:00,993.86091,993.9603,5
2024-01-08 01:28:06,993.86101,993.9604,8
2024-01-08 01:28:12,993.87396,993.97335,1
2024-01-08 01:28:18,993.99915,994.09855,9
2024-01-08 01:28:24,993.81417,993.91356,2
2024-01-08 01:28:30,993.83376,993.93315,3
2024-01-08 01:28:36,993.89352,993.99292,9
2024-01-08 01:28:42,993.82732,993.92671,3
2024-01-08 01:28:48,993.88815,993.98755,9
2024-01-08 01:28:54,993.821,993.92039,4
2024-01-08 01:29:00,993.75143,993.85081,9
2024-01-08 01:29:06,993.83628,993.93567,1
2024-01-08 01:29:12,993.79212,993.8915,9
2024-01-08 01:29:18,993.81126,993.91065,5
2024-01-08 01:29:24,993.90822,994.00761,4
2024-01-08 01:29:30,993.8763,993.9757,6
2024-01-08 01:29:36,993.8718,993.97119,9
2024-01-08 01:29:42,993.82476,993.92415,5
2024-01-08 01:29:48,993.87272,993.97211,6
2024-01-08 01:29:54,993.84445,993.94384,8
2024-01-08 01:30:00,993.77236,993.87175,1
2024-01-08 01:30:06,993.83804,993.93743,9
2024-01-08 01:30:12,993.78884,993.88822,4
2024-01-08 01:30:18,993.86765,993.96705,3
2024-01-08 01:30:24,993.78463,993.88402,9
2024-01-08 01:30:30,993.80882,993.9082,9
2024-01-08 01:30:36,993.86119,993.96058,3
2024-01-08 01:30:42,993.88549,993.98489,1
2024-01-08 01:30:48,993.83414,993.93352,5
2024-01-08 01:30:54,993.74688,993.84626,2
2024-01-08 01:31:00,993.90858,994.00798,1
2024-01-08 01:31:06,993.81467,993.91406,4
2024-01-08 01:31:12,993.87931,993.9787,7
2024-01-08 01:31:18,993.76866,993.86805,6
2024-01-08 01:31:24,993.82339,993.92278,2
2024-01-08 01:31:30,993.88841,993.9878,1
2024-01-08 01:31:36,993.85791,993.9573,3
2024-01-08 01:31:42,993.88933,993.98872,7
2024-01-08 01:31:48,993.88705,993.98644,8
2024-01-08 01:31:54,993.84489,993.94428,6
2024-01-08 01:32:00,993.93076,994.03016,5
2024-01-08 01:32:06,993.9144,994.0138,8
2024-01-08 01:32:12,993.84327,993.94266,9
2024-01-08 01:32:18,993.823,993.92239,6
2024-01-08 01:32:24,993.84977,993.94916,5
2024-01-08 01:32:30,993.78991,993.88929,7
2024-01-08 01:32:36,993.84144,993.94083,4
2024-01-08 01:32:42,993.8255,993.92489,1
2024-01-08 01:32:48,993.82941,993.9288,2
2024-01-08 01:32:54,993.80356,993.90294,1
2024-01-08 01:33:00,993.7882,993.88759,9
2024-01-08 01:33:06,993.72775,993.82712,2
2024-01-08 01:33:12,993.84021,993.93959,9
2024-01-08 01:33:18,993.85501,993.9544,1
2024-01-08 01:33:24,993.91216,994.01156,3
2024-01-08 01:33:30,993.91247,994.01187,7
2024-01-08 01:33:36,993.85436,993.95375,6
2024-01-08 01:33:42,993.78179,993.88118,5
2024-01-08 01:33:48,993.89781,993.9972,9
2024-01-08 01:33:54,993.84713,993.94652,9
2024-01-08 01:34:00,993.81081,993.9102,3
2024-01-08 01:34:06,993.83361,993.933,3
2024-01-08 01:34:12,993.82123,993.92062,1
2024-01-08 01:34:18,993.9275,994.0269,4
2024-01-08 01:34:24,993.83,993.92939,1
2024-01-08 01:34:30,993.8562,993.95559,2
2024-01-08 01:34:36,993.785,993.88439,2
2024-01-08 01:34:42,993.84315,993.94253,8
2024-01-08 01:34:48,993.83617,993.93556,7
2024-01-08 01:34:54,993.79116,993.89054,2
2024-01-08 01:35:00,993.85359,993.95298,1
2024-01-08 01:35:06,993.84188,993.94127,5
2024-01-08 01:35:12,993.80414,993.90353,6
2024-01-08 01:35:18,993.81425,993.91364,2
2024-01-08 01:35:24,993.86831,993.9677,9
2024-01-08 01:35:30,993.80237,993.90176,1
2024-01-08 01:35:36,993.86634,993.96573,8
2024-01-08 01:35:42,993.79782,993.8972,3
2024-01-08 01:35:48,993.85836,993.95775,9
2024-01-08 01:35:54,993.86412,993.96351,6
2024-01-08 01:36:00,993.93632,994.03572,1
2024-01-08 01:36:06,993.80645,993.90583,8
2024-01-08 01:36:12,993.8958,993.9952,8
2024-01-08 01:36:18,993.75968,993.85906,8
2024-01-08 01:36:24,993.80248,993.90187,4
2024-01-08 01:36:30,993.77132,993.8707,4
2024-01-08 01:36:36,993.86933,993.96872,1
2024-01-08 01:36:42,993.78366,993.88305,7
2024-01-08 01:36:48,993.82791,993.9273,8
2024-01-08 01:36:54,993.87764,993.97703,5
2024-01-08 01:37:00,993.91648,994.01588,5
2024-01-08 01:37:06,993.89421,993.9936,1
2024-01-08 01:37:12,993.80789,993.90727,6
2024-01-08 01:37:18,993.83349,993.93288,5
2024-01-08 01:37:24,993.84949,993.94888,7
2024-01-08 01:37:30,993.80638,993.90576,5
2024-01-08 01:37:36,993.8187,993.91809,6
2024-01-08 01:37:42,993.83482,993.93421,3
2024-01-08 01:37:48,993.85478,993.95417,6
2024-01-08 01:37:54,993.76751,993.86689,9
2024-01-08 01:38:00,993.89681,993.99621,8
2024-01-08 01:38:06,993.85874,993.95813,5
2024-01-08 01:38:12,993.83608,993.93547,5
2024-01-08 01:38:18,993.81863,993.91801,5
2024-01-08 01:38:24,993.90222,994.00161,5
2024-01-08 01:38:30,993.84557,993.94496,6
2024-01-08 01:38:36,993.84459,993.94398,9
2024-01-08 01:38:42,993.8743,993.97369,6
2024-01-08 01:38:48,993.85151,993.9509,2
2024-01-08 01:38:54,993.92025,994.01965,2
2024-01-08 01:39:00,993.90676,994.00616,5
2024-01-08 01:39:06,993.83925,993.93863,5
2024-01-08 01:39:12,993.86926,993.96865,2
2024-01-08 01:39:18,993.86532,993.96471,7
2024-01-08 01:39:24,993.79057,993.88995,4
2024-01-08 01:39:30,993.90275,994.00215,3
2024-01-08 01:39:36,993.86632,993.96572,6
2024-01-08 01:39:42,993.87939,993.97878,5
2024-01-08 01:39:48,993.83411,993.9335,6
2024-01-08 01:39:54,993.8653,993.96469,9
2024-01-08 01:40:00,993.8959,993.99529,8
2024-01-08 01:40:06,993.84217,993.94156,2
2024-01-08 01:40:12,993.81733,993.91671,1
2024-01-08 01:40:18,993.88126,993.98065,4
2024-01-08 01:40:24,993.8137,993.91308,5
2024-01-08 01:40:30,993.73634,993.83572,1
2024-01-08 01:40:36,993.73798,993.83736,6
2024-01-08 01:40:42,993.81597,993.91535,5
2024-01-08 01:40:48,993.79795,993.89733,2
2024-01-08 01:40:54,993.85259,993.95198,9
2024-01-08 01:41:00,993.91575,994.01514,9
2024-01-08 01:41:06,993.88004,993.97943,7
2024-01-08 01:41:12,993.84489,993.94428,7
2024-01-08 01:41:18,993.87478,993.97417,2
2024-01-08 01:41:24,993.88424,993.98363,9
2024-01-08 01:41:30,993.81523,993.91461,2
2024-01-08 01:41:36,993.86946,993.96885,8
2024-01-08 01:41:42,993.83385,993.93324,8
2024-01-08 01:41:48,993.83896,993.93835,1
2024-01-08 01:41:54,993.84995,993.94934,3
2024-01-08 01:42:00,993.90293,994.00232,9
2024-01-08 01:42:06,993.84073,993.94012,5
2024-01-08 01:42:12,993.828,993.92739,3
2024-01-08 01:42:18,993.86387,993.96326,3
2024-01-08 01:42:24,993.84873,993.94812,4
2024-01-08 01:42:30,993.87333,993.97272,6
2024-01-08 01:42:36,993.8108,993.91019,2
2024-01-08 01:42:42,993.87633,993.97572,1
2024-01-08 01:42:48,993.86164,993.96103,3
2024-01-08 01:42:54,993.8513,993.95069,7
2024-01-08 01:43:00,993.8461,993.94549,2
2024-01-08 01:43:06,993.74362,993.843,4
2024-01-08 01:43:12,993.78556,993.88495,1
2024-01-08 01:43:18,993.83825,993.93764,8
2024-01-08 01:43:24,993.82815,993.92753,2
2024-01-08 01:43:30,993.74392,993.8433,6
2024-01-08 01:43:36,993.92163,994.02103,3
2024-01-08 01:43:42,993.75364,993.85302,5
2024-01-08 01:43:48,993.88634,993.98574,3
2024-01-08 01:43:54,993.88556,993.98496,7
2024-01-08 01:44:00,993.83955,993.93894,4
2024-01-08 01:44:06,993.88344,993.98283,3
2024-01-08 01:44:12,993.8643,993.96369,6
2024-01-08 01:44:18,993.81678,993.91617,3
2024-01-08 01:44:24,993.83999,993.93938,3
2024-01-08 01:44:30,993.84975,993.94914,5
2024-01-08 01:44:36,993.8583,993.95769,6
2024-01-08 01:44:42,993.8729,993.97229,1
2024-01-08 01:44:48,993.79056,993.88995,8
2024-01-08 01:44:54,993.76591,993.86529,7
2024-01-08 01:45:00,993.76039,993.85977,1
2024-01-08 01:45:06,993.80598,993.90537,2
2024-01-08 01:45:12,993.8464,993.94579,7
2024-01-08 01:45:18,993.87042,993.96981,6
2024-01-08 01:45:24,993.8307,993.93009,4
2024-01-08 01:45:30,993.84796,993.94735,5
2024-01-08 01:45:36,993.90388,994.00328,9
2024-01-08 01:45:42,993.86966,993.96905,8
2024-01-08 01:45:48,993.91731,994.01671,3
2024-01-08 01:45:54,993.82729,993.92668,3
2024-01-08 01:46:00,994.00232,994.10172,8
2024-01-08 01:46:06,993.86114,993.96053,1
2024-01-08 01:46:12,993.76325,993.86263,6
2024-01-08 01:46:18,993.87769,993.97708,3
2024-01-08 01:46:24,993.8591,993.9585,1
2024-01-08 01:46:30,993.9196,994.019,5
2024-01-08 01:46:36,993.88536,993.98475,2
2024-01-08 01:46:42,993.83632,993.93571,3
2024-01-08 01:46:48,993.86558,993.96497,2
2024-01-08 01:46:54,993.78714,993.88652,2
2024-01-08 01:47:00,993.94455,994.04394,3
2024-01-08 01:47:06,993.81242,993.91181,3
2024-01-08 01:47:12,993.82684,993.92622,8
2024-01-08 01:47:18,993.88733,993.98672,2
2024-01-08 01:47:24,993.87494,993.97434,4
2024-01-08 01:47:30,993.8318,993.93119,5
2024-01-08 01:47:36,993.84594,993.94533,7
2024-01-08 01:47:42,993.7954,993.89478,1
2024-01-08 01:47:48,993.89866,993.99806,9
2024-01-08 01:47:54,993.89524,993.99464,3
2024-01-08 01:48:00,993.91996,994.01935,9
2024-01-08 01:48:06,993.85861,993.958,2
2024-01-08 01:48:12,993.83678,993.93617,3
2024-01-08 01:48:18,993.73888,993.83826,8
2024-01-08 01:48:24,993.875,993.97439,2
2024-01-08 01:48:30,993.88934,993.98873,4
2024-01-08 01:48:36,993.91663,994.01602,3
2024-01-08 01:48:42,993.75789,993.85727,9
2024-01-08 01:48:48,993.89044,993.98984,7
2024-01-08 01:48:54,993.82534,993.92473,8
2024-01-08 01:49:00,993.83732,993.93671,6
2024-01-08 01:49:06,993.81888,993.91827,1
2024-01-08 01:49:12,993.88668,993.98607,1
2024-01-08 01:49:18,993.90911,994.00851,3
2024-01-08 01:49:24,993.78388,993.88326,3
2024-01-08 01:49:30,993.82671,993.9261,8
2024-01-08 01:49:36,993.93176,994.03116,2
2024-01-08 01:49:42,993.74299,993.84237,3
2024-01-08 01:49:48,993.82811,993.9275,9
2024-01-08 01:49:54,994.02869,994.1281,9
2024-01-08 01:50:00,993.83144,993.93083,1
2024-01-08 01:50:06,993.74188,993.84126,6
2024-01-08 01:50:12,993.87045,993.96984,6
2024-01-08 01:50:18,993.76112,993.86051,9
2024-01-08 01:50:24,993.9325,994.0319,4
2024-01-08 01:50:30,993.92826,994.02766,6
2024-01-08 01:50:36,993.89591,993.99531,2
2024-01-08 01:50:42,993.8073,993.90669,8
2024-01-08 01:50:48,993.89728,993.99668,8
2024-01-08 01:50:54,993.81461,993.914,5
2024-01-08 01:51:00,993.83864,993.93803,6
2024-01-08 01:51:06,993.91,994.00939,9
2024-01-08 01:51:12,993.83612,993.93551,3
2024-01-08 01:51:18,993.85494,993.95434,9
2024-01-08 01:51:24,993.87118,993.97058,3
2024-01-08 01:51:30,993.83265,993.93204,5
2024-01-08 01:51:36,993.81498,993.91436,9
2024-01-08 01:51:42,993.86975,993.96914,1
2024-01-08 01:51:48,993.86337,993.96276,4
2024-01-08 01:51:54,993.87691,993.97631,7
2024-01-08 01:52:00,993.83574,993.93513,6
2024-01-08 01:52:06,993.86801,993.96741,9
2024-01-08 01:52:12,993.85599,993.95538,3
2024-01-08 01:52:18,993.78627,993.88566,3
2024-01-08 01:52:24,993.81356,993.91294,5
2024-01-08 01:52:30,993.786,993.88538,5
2024-01-08 01:52:36,993.85568,993.95507,5
2024-01-08 01:52:42,993.82507,993.92446,2
2024-01-08 01:52:48,993.91746,994.01686,4
2024-01-08 01:52:54,993.80922,993.9086,4
2024-01-08 01:53:00,993.83841,993.9378,4
2024-01-08 01:53:06,993.87227,993.97166,4
2024-01-08 01:53:12,993.80922,993.90861,7
2024-01-08 01:53:18,993.89597,993.99537,5
2024-01-08 01:53:24,993.79015,993.88954,1
2024-01-08 01:53:30,993.85937,993.95876,5
2024-01-08 01:53:36,993.74931,993.84869,3
2024-01-08 01:53:42,993.81216,993.91154,5
2024-01-08 01:53:48,993.88059,993.97998,9
2024-01-08 01:53:54,993.8487,993.94809,3
2024-01-08 01:54:00,993.86456,993.96395,1
2024-01-08 01:54:06,993.87637,993.97577,2
2024-01-08 01:54:12,993.8264,993.92578,7
2024-01-08 01:54:18,993.77894,993.87832,6
2024-01-08 01:54:24,993.90367,994.00306,3
2024-01-08 01:54:30,993.82306,993.92245,5
2024-01-08 01:54:36,993.88492,993.98431,6
2024-01-08 01:54:42,993.75456,993.85394,7
2024-01-08 01:54:48,993.87421,993.9736,5
2024-01-08 01:54:54,993.95924,994.05864,3
2024-01-08 01:55:00,993.79308,993.89247,1
2024-01-08 01:55:06,993.82976,993.92915,1
2024-01-08 01:55:12,993.72089,993.82026,9
2024-01-08 01:55:18,993.94036,994.03976,5
2024-01-08 01:55:24,993.96733,994.06673,5
2024-01-08 01:55:30,993.83742,993.93681,7
2024-01-08 01:55:36,993.83896,993.93835,3
2024-01-08 01:55:42,993.90773,994.00712,9
2024-01-08 01:55:48,993.79336,993.89275,2
2024-01-08 01:55:54,993.81249,993.91187,8
2024-01-08 01:56:00,993.82417,993.92356,4
2024-01-08 01:56:06,993.81759,993.91698,2
2024-01-08 01:56:12,993.84382,993.94321,7
2024-01-08 01:56:18,993.75703,993.85641,6
2024-01-08 01:56:24,993.81094,993.91033,9
2024-01-08 01:56:30,993.81865,993.91803,8
2024-01-08 01:56:36,993.80091,993.9003,1
2024-01-08 01:56:42,993.93387,994.03327,8
2024-01-08 01:56:48,993.87563,993.97502,9
2024-01-08 01:56:54,993.86727,993.96667,5
2024-01-08 01:57:00,993.94686,994.04626,3
2024-01-08 01:57:06,993.90449,994.00388,4
2024-01-08 01:57:12,993.76956,993.86894,1
2024-01-08 01:57:18,993.91091,994.01031,9
2024-01-08 01:57:24,993.8958,993.99519,9
2024-01-08 01:57:30,993.87909,993.97848,4
2024-01-08 01:57:36,993.79045,993.88984,9
2024-01-08 01:57:42,993.80083,993.90021,1
2024-01-08 01:57:48,993.87177,993.97116,2
2024-01-08 01:57:54,993.9796,994.07901,9
2024-01-08 01:58:00,993.88072,993.98012,5
2024-01-08 01:58:06,993.82342,993.92281,9
2024-01-08 01:58:12,993.84807,993.94746,1
2024-01-08 01:58:18,993.95087,994.05028,8
2024-01-08 01:58:24,993.82809,993.92748,2
2024-01-08 01:58:30,993.91223,994.01163,5
2024-01-08 01:58:36,993.91778,994.01718,6
2024-01-08 01:58:42,993.88485,993.98424,2
2024-01-08 01:58:48,993.82644,993.92583,4
2024-01-08 01:58:54,993.8737,993.9731,6
2024-01-08 01:59:00,993.82589,993.92528,3
2024-01-08 01:59:06,993.83018,993.92957,7
2024-01-08 01:59:12,993.9029,994.00229,7
2024-01-08 01:59:18,993.87178,993.97117,5
2024-01-08 01:59:24,993.86922,993.96861,6
2024-01-08 01:59:30,993.81643,993.91581,5
2024-01-08 01:59:36,993.80735,993.90674,6
2024-01-08 01:59:42,993.81658,993.91597,1
2024-01-08 01:59:48,993.8477,993.94709,1
2024-01-08 01:59:54,993.84027,993.93966,5
2024-01-08 02:00:00,993.85249,993.95188,6
2024-01-08 02:00:06,993.7918,993.89118,6
2024-01-08 02:00:12,993.76317,993.86255,6
2024-01-08 02:00:18,993.88162,993.98101,3
2024-01-08 02:00:24,993.81497,993.91435,8
2024-01-08 02:00:30,993.85877,993.95816,8
2024-01-08 02:00:36,993.88041,993.9798,1
2024-01-08 02:00:42,993.81265,993.91203,4
2024-01-08 02:00:48,993.84181,993.9412,2
2024-01-08 02:00:54,993.85166,993.95105,9
2024-01-08 02:01:00,993.81498,993.91436,3
2024-01-08 02:01:06,993.77695,993.87634,8
2024-01-08 02:01:12,993.87215,993.97154,5
2024-01-08 02:01:18,993.89866,993.99805,8
2024-01-08 02:01:24,993.94592,994.04532,3
2024-01-08 02:01:30,993.85552,993.95491,3
2024-01-08 02:01:36,993.86134,993.96073,8
2024-01-08 02:01:42,993.84725,993.94664,3
2024-01-08 02:01:48,993.78346,993.88284,1
2024-01-08 02:01:54,993.83774,993.93713,7
2024-01-08 02:02:00,993.84761,993.947,2
2024-01-08 02:02:06,993.8233,993.92269,9
2024-01-08 02:02:12,993.80305,993.90243,2
2024-01-08 02:02:18,993.83882,993.9382,4
2024-01-08 02:02:24,993.89131,993.99071,9
2024-01-08 02:02:30,993.80375,993.90313,7
2024-01-08 02:02:36,993.87785,993.97724,5
2024-01-08 02:02:42,993.85136,993.95075,6
2024-01-08 02:02:48,993.96052,994.05992,2
2024-01-08 02:02:54,993.86278,993.96217,8
2024-01-08 02:03:00,993.91864,994.01803,1
2024-01-08 02:03:06,993.92534,994.02474,1
2024-01-08 02:03:12,993.8337,993.93309,7
2024-01-08 02:03:18,993.80549,993.90487,8
2024-01-08 02:03:24,993.83588,993.93527,1
2024-01-08 02:03:30,993.87756,993.97695,3
2024-01-08 02:03:36,993.82351,993.92289,7
2024-01-08 02:03:42,993.85778,993.95717,7
2024-01-08 02:03:48,993.8511,993.95049,7
2024-01-08 02:03:54,993.92345,994.02285,6
2024-01-08 02:04:00,993.79213,993.89152,7
2024-01-08 02:04:06,993.90503,994.00443,2
2024-01-08 02:04:12,993.81876,993.91815,1
2024-01-08 02:04:18,993.86282,993.96221,9
2024-01-08 02:04:24,993.83363,993.93302,7
2024-01-08 02:04:30,993.85988,993.95927,5
2024-01-08 02:04:36,993.97351,994.07292,6
2024-01-08 02:04:42,993.86638,993.96577,1
2024-01-08 02:04:48,993.87124,993.97063,3
2024-01-08 02:04:54,993.84761,993.947,9
2024-01-08 02:05:00,993.8993,993.9987,2
2024-01-08 02:05:06,993.92377,994.02317,8
2024-01-08 02:05:12,993.91656,994.01595,4
2024-01-08 02:05:18,993.86491,993.9643,6
2024-01-08 02:05:24,993.82191,993.9213,1
2024-01-08 02:05:30,993.8198,993.91919,9
2024-01-08 02:05:36,993.88837,993.98777,5
2024-01-08 02:05:42,993.79916,993.89854,8
2024-01-08 02:05:48,993.82253,993.92192,9
2024-01-08 02:05:54,993.82604,993.92543,4
2024-01-08 02:06:00,993.84766,993.94705,1
2024-01-08 02:06:06,993.81375,993.91313,4
2024-01-08 02:06:12,993.78167,993.88106,5
2024-01-08 02:06:18,993.84078,993.94017,1
2024-01-08 02:06:24,993.78084,993.88022,9
2024-01-08 02:06:30,993.86459,993.96398,8
2024-01-08 02:06:36,993.83667,993.93606,8
2024-01-08 02:06:42,993.81333,993.91272,2
2024-01-08 02:06:48,993.85375,993.95314,6
2024-01-08 02:06:54,993.77769,993.87708,9
2024-01-08 02:07:00,993.80678,993.90616,8
2024-01-08 02:07:06,993.80502,993.90441,6
2024-01-08 02:07:12,993.85513,993.95452,5
2024-01-08 02:07:18,993.82788,993.92726,5
2024-01-08 02:07:24,993.8386,993.93799,4
2024-01-08 02:07:30,993.92893,994.02832,3
2024-01-08 02:07:36,993.83628,993.93567,4
2024-01-08 02:07:42,993.80378,993.90316,4
2024-01-08 02:07:48,993.83721,993.9366,9
2024-01-08 02:07:54,993.91268,994.01208,7
2024-01-08 02:08:00,993.80907,993.90845,2
2024-01-08 02:08:06,993.93873,994.03812,6
2024-01-08 02:08:12,993.85547,993.95486,2
2024-01-08 02:08:18,993.90397,994.00337,2
2024-01-08 02:08:24,993.80103,993.90042,5
2024-01-08 02:08:30,993.83508,993.93446,9
2024-01-08 02:08:36,993.8319,993.93129,9
2024-01-08 02:08:42,993.78367,993.88305,6
2024-01-08 02:08:48,993.91391,994.01331,4
2024-01-08 02:08:54,993.81345,993.91284,2
2024-01-08 02:09:00,993.91439,994.01378,3
2024-01-08 02:09:06,993.81431,993.9137,5
2024-01-08 02:09:12,993.88143,993.98083,9
2024-01-08 02:09:18,993.95401,994.05341,1
2024-01-08 02:09:24,993.8848,993.98419,8
2024-01-08 02:09:30,993.84049,993.93988,1
2024-01-08 02:09:36,993.77365,993.87304,4
2024-01-08 02:09:42,993.94222,994.04162,2
2024-01-08 02:09:48,993.84822,993.94761,7
2024-01-08 02:09:54,993.79187,993.89125,2
2024-01-08 02:10:00,993.88591,993.9853,4
2024-01-08 02:10:06,993.77719,993.87657,9
2024-01-08 02:10:12,993.83001,993.9294,2
2024-01-08 02:10:18,993.79108,993.89046,7
2024-01-08 02:10:24,993.88497,993.98437,8
2024-01-08 02:10:30,993.73422,993.8336,2
2024-01-08 02:10:36,993.76199,993.86137,9
2024-01-08 02:10:42,993.83113,993.93052,4
2024-01-08 02:10:48,993.8659,993.96529,5
2024-01-08 02:10:54,993.7601,993.85948,8
2024-01-08 02:11:00,993.84285,993.94224,4
2024-01-08 02:11:06,993.93428,994.03368,6
2024-01-08 02:11:12,993.86724,993.96663,7
2024-01-08 02:11:18,993.79904,993.89843,4
2024-01-08 02:11:24,993.80491,993.90429,5
2024-01-08 02:11:30,993.89306,993.99246,8
2024-01-08 02:11:36,993.8013,993.90068,6
2024-01-08 02:11:42,993.78971,993.88909,2
2024-01-08 02:11:48,993.84242,993.94181,2
2024-01-08 02:11:54,993.8737,993.9731,4
2024-01-08 02:12:00,993.8086,993.90798,1
2024-01-08 02:12:06,993.89455,993.99395,4
2024-01-08 02:12:12,993.86759,993.96699,4
2024-01-08 02:12:18,993.86364,993.96303,7
2024-01-08 02:12:24,993.87495,993.97434,3
2024-01-08 02:12:30,993.9272,994.0266,2
2024-01-08 02:12:36,993.83196,993.93135,2
2024-01-08 02:12:42,993.92638,994.02578,1
2024-01-08 02:12:48,993.90754,994.00694,4
2024-01-08 02:12:54,993.87794,993.97733,1
2024-01-08 02:13:00,993.88446,993.98385,6
2024-01-08 02:13:06,993.81264,993.91203,5
2024-01-08 02:13:12,993.83675,993.93614,3
2024-01-08 02:13:18,993.86909,993.96848,1
2024-01-08 02:13:24,993.90765,994.00704,9
2024-01-08 02:13:30,993.93834,994.03774,6
2024-01-08 02:13:36,993.84658,993.94597,8
2024-01-08 02:13:42,993.88703,993.98642,6
2024-01-08 02:13:48,993.8843,993.9837,8
2024-01-08 02:13:54,993.84402,993.94341,2
2024-01-08 02:14:00,993.87382,993.97321,7
2024-01-08 02:14:06,993.78002,993.8794,5
2024-01-08 02:14:12,993.81843,993.91782,3
2024-01-08 02:14:18,993.87191,993.9713,1
2024-01-08 02:14:24,993.85065,993.95004,2
2024-01-08 02:14:30,993.83232,993.9317,2
2024-01-08 02:14:36,993.82893,993.92832,3
2024-01-08 02:14:42,993.90114,994.00054,4
2024-01-08 02:14:48,993.82125,993.92064,5
2024-01-08 02:14:54,993.89997,993.99937,4
2024-01-08 02:15:00,993.79898,993.89837,4
2024-01-08 02:15:06,993.87972,993.97911,2
2024-01-08 02:15:12,993.85071,993.9501,4
2024-01-08 02:15:18,993.94194,994.04134,8
2024-01-08 02:15:24,993.9413,994.0407,3
2024-01-08 02:15:30,993.85192,993.95131,8
2024-01-08 02:15:36,993.77371,993.87309,2
2024-01-08 02:15:42,993.85044,993.94983,1
2024-01-08 02:15:48,993.75823,993.85761,8
2024-01-08 02:15:54,993.9393,994.03869,7
2024-01-08 02:16:00,993.89201,993.99141,2
2024-01-08 02:16:06,993.89086,993.99025,8
2024-01-08 02:16:12,993.84487,993.94426,9
2024-01-08 02:16:18,993.80126,993.90064,9
2024-01-08 02:16:24,993.80016,993.89955,6
2024-01-08 02:16:30,993.90693,994.00633,3
2024-01-08 02:16:36,993.89311,993.9925,3
2024-01-08 02:16:42,993.8839,993.98329,4
2024-01-08 02:16:48,993.84416,993.94355,4
2024-01-08 02:16:54,993.86493,993.96432,8
2024-01-08 02:17:00,993.88706,993.98645,3
2024-01-08 02:17:06,993.6946,993.79397,8
2024-01-08 02:17:12,993.90664,994.00603,2
2024-01-08 02:17:18,993.8922,993.99159,4
2024-01-08 02:17:24,993.8147,993.91409,6
2024-01-08 02:17:30,993.8683,993.96769,9
2024-01-08 02:17:36,993.85463,993.95402,2
2024-01-08 02:17:42,993.87484,993.97423,2
2024-01-08 02:17:48,993.89902,993.99842,5
2024-01-08 02:17:54,993.75503,993.85441,5
2024-01-08 02:18:00,993.77635,993.87573,6
2024-01-08 02:18:06,993.94408,994.04348,1
2024-01-08 02:18:12,993.89902,993.99841,5
2024-01-08 02:18:18,993.83,993.92939,4
2024-01-08 02:18:24,993.81317,993.91256,3
2024-01-08 02:18:30,993.85234,993.95173,8
2024-01-08 02:18:36,993.86015,993.95955,2
2024-01-08 02:18:42,993.78748,993.88687,6
2024-01-08 02:18:48,993.79625,993.89564,4
2024-01-08 02:18:54,993.87666,993.97605,9
2024-01-08 02:19:00,993.75962,993.859,8
2024-01-08 02:19:06,993.83878,993.93817,2
2024-01-08 02:19:12,993.77569,993.87508,3
2024-01-08 02:19:18,993.84568,993.94507,2
2024-01-08 02:19:24,993.84532,993.94471,4
2024-01-08 02:19:30,993.85671,993.9561,6
2024-01-08 02:19:36,993.88832,993.98772,9
2024-01-08 02:19:42,993.89034,993.98974,9
2024-01-08 02:19:48,993.782,993.88139,9
2024-01-08 02:19:54,993.75611,993.85549,6
2024-01-08 02:20:00,993.88292,993.98231,4
2024-01-08 02:20:06,993.77074,993.87013,8
2024-01-08 02:20:12,993.85351,993.9529,1
2024-01-08 02:20:18,993.80805,993.90744,2
2024-01-08 02:20:24,993.85128,993.95067,3
2024-01-08 02:20:30,993.93769,994.03709,4
2024-01-08 02:20:36,993.8832,993.98259,7
2024-01-08 02:20:42,993.84042,993.93981,6
2024-01-08 02:20:48,993.83024,993.92963,4
2024-01-08 02:20:54,993.97084,994.07024,8
2024-01-08 02:21:00,993.90776,994.00715,2
2024-01-08 02:21:06,993.91122,994.01062,1
2024-01-08 02:21:12,993.85343,993.95282,4
2024-01-08 02:21:18,993.88837,993.98776,6
2024-01-08 02:21:24,993.84097,993.94036,9
2024-01-08 02:21:30,993.88351,993.9829,4
2024-01-08 02:21:36,993.92829,994.02769,3
2024-01-08 02:21:42,993.92649,994.02589,6
2024-01-08 02:21:48,993.89895,993.99835,6
2024-01-08 02:21:54,993.86592,993.96531,2
2024-01-08 02:22:00,993.8499,993.94929,9
2024-01-08 02:22:06,993.89432,993.99371,1
2024-01-08 02:22:12,993.8644,993.96379,2
2024-01-08 02:22:18,993.9457,994.04509,9
2024-01-08 02:22:24,993.8465,993.94589,4
2024-01-08 02:22:30,993.71032,993.8097,7
2024-01-08 02:22:36,993.91041,994.0098,8
2024-01-08 02:22:42,994.00349,994.10289,9
2024-01-08 02:22:48,993.79131,993.8907,1
2024-01-08 02:22:54,993.81321,993.91259,2
2024-01-08 02:23:00,993.73949,993.83887,7
2024-01-08 02:23:06,993.87027,993.96966,7
2024-01-08 02:23:12,993.81646,993.91585,4
2024-01-08 02:23:18,993.90546,994.00485,2
2024-01-08 02:23:24,993.90166,994.00106,1
2024-01-08 02:23:30,993.79058,993.88996,1
2024-01-08 02:23:36,993.93837,994.03777,5
2024-01-08 02:23:42,993.77261,993.87199,4
2024-01-08 02:23:48,993.84618,993.94557,2
2024-01-08 02:23:54,993.81766,993.91705,8
2024-01-08 02:24:00,993.86371,993.9631,2
2024-01-08 02:24:06,993.79325,993.89263,4
2024-01-08 02:24:12,993.83095,993.93033,6
2024-01-08 02:24:18,993.84418,993.94357,3
2024-01-08 02:24:24,993.90485,994.00424,2
2024-01-08 02:24:30,993.85422,993.95361,4
2024-01-08 02:24:36,993.74785,993.84723,8
2024-01-08 02:24:42,993.83866,993.93805,5
2024-01-08 02:24:48,993.81118,993.91056,2
2024-01-08 02:24:54,993.81993,993.91932,8
2024-01-08 02:25:00,993.87489,993.97428,4
2024-01-08 02:25:06,993.88119,993.98058,7
2024-01-08 02:25:12,993.93224,994.03164,8
2024-01-08 02:25:18,993.81952,993.9189,6
2024-01-08 02:25:24,993.83557,993.93496,3
2024-01-08 02:25:30,993.96053,994.05994,4
2024-01-08 02:25:36,993.90377,994.00316,8
2024-01-08 02:25:42,993.86367,993.96306,5
2024-01-08 02:25:48,993.83614,993.93553,8
2024-01-08 02:25:54,993.89816,993.99756,5
2024-01-08 02:26:00,993.84207,993.94146,3
2024-01-08 02:26:06,993.87879,993.97818,3
2024-01-08 02:26:12,993.93363,994.03303,3
2024-01-08 02:26:18,993.83329,993.93268,3
2024-01-08 02:26:24,993.73553,993.83491,3
2024-01-08 02:26:30,993.72038,993.81975,3
2024-01-08 02:26:36,993.88763,993.98702,7
2024-01-08 02:26:42,993.84144,993.94083,6
2024-01-08 02:26:48,993.90325,994.00265,2
2024-01-08 02:26:54,993.83331,993.9327,8
2024-01-08 02:27:00,993.79259,993.89198,6
2024-01-08 02:27:06,993.85629,993.95568,9
2024-01-08 02:27:12,993.90712,994.00651,6
2024-01-08 02:27:18,993.88847,993.98786,7
2024-01-08 02:27:24,993.76844,993.86782,3
2024-01-08 02:27:30,993.81315,993.91254,8
2024-01-08 02:27:36,993.85314,993.95253,4
2024-01-08 02:27:42,993.82824,993.92763,6
2024-01-08 02:27:48,993.83707,993.93646,4
2024-01-08 02:27:54,993.7843,993.88368,5
2024-01-08 02:28:00,993.8897,993.9891,6
2024-01-08 02:28:06,993.79912,993.8985,3
2024-01-08 02:28:12,993.82215,993.92154,4
2024-01-08 02:28:18,993.8064,993.90579,6
2024-01-08 02:28:24,993.90598,994.00538,4
2024-01-08 02:28:30,993.74313,993.84251,8
2024-01-08 02:28:36,993.90739,994.00678,6
2024-01-08 02:28:42,993.91141,994.01081,6
2024-01-08 02:28:48,993.87827,993.97766,6
2024-01-08 02:28:54,993.83894,993.93832,5
2024-01-08 02:29:00,993.85918,993.95858,2
2024-01-08 02:29:06,993.84309,993.94248,1
2024-01-08 02:29:12,993.86151,993.9609,7
2024-01-08 02:29:18,993.84987,993.94926,7
2024-01-08 02:29:24,993.86865,993.96805,4
2024-01-08 02:29:30,993.81284,993.91222,8
2024-01-08 02:29:36,993.91641,994.01581,8
2024-01-08 02:29:42,993.93788,994.03728,4
2024-01-08 02:29:48,993.89199,993.99138,3
2024-01-08 02:29:54,993.90817,994.00757,4
2024-01-08 02:30:00,993.84551,993.9449,6
2024-01-08 02:30:06,993.8623,993.9617,2
2024-01-08 02:30:12,993.82769,993.92707,3
2024-01-08 02:30:18,993.92199,994.02139,1
2024-01-08 02:30:24,993.86647,993.96586,1
2024-01-08 02:30:30,993.84721,993.9466,5
2024-01-08 02:30:36,993.8563,993.95569,2
2024-01-08 02:30:42,993.77124,993.87062,5
2024-01-08 02:30:48,993.79229,993.89168,8
2024-01-08 02:30:54,993.80687,993.90625,9
2024-01-08 02:31:00,993.88177,993.98117,8
2024-01-08 02:31:06,993.8466,993.94599,3
2024-01-08 02:31:12,993.7064,993.80578,4
2024-01-08 02:31:18,993.93425,994.03365,2
2024-01-08 02:31:24,993.85568,993.95508,7
2024-01-08 02:31:30,993.8623,993.96169,7
2024-01-08 02:31:36,993.75697,993.85635,9
2024-01-08 02:31:42,993.78708,993.88646,3
2024-01-08 02:31:48,993.83494,993.93433,8
2024-01-08 02:31:54,993.8191,993.91849,2
2024-01-08 02:32:00,993.80994,993.90933,4
2024-01-08 02:32:06,993.89123,993.99062,6
2024-01-08 02:32:12,993.83833,993.93772,1
2024-01-08 02:32:18,993.91061,994.01001,8
2024-01-08 02:32:24,993.81803,993.91742,9
2024-01-08 02:32:30,993.87951,993.97891,9
2024-01-08 02:32:36,993.86113,993.96052,8
2024-01-08 02:32:42,993.90542,994.00482,1
2024-01-08 02:32:48,993.86333,993.96272,6
2024-01-08 02:32:54,993.83262,993.93201,6
2024-01-08 02:33:00,993.9099,994.0093,8
2024-01-08 02:33:06,993.93218,994.03158,5
2024-01-08 02:33:12,993.79666,993.89604,2
2024-01-08 02:33:18,993.78006,993.87945,7
2024-01-08 02:33:24,993.78883,993.88821,8
2024-01-08 02:33:30,993.9218,994.02119,5
2024-01-08 02:33:36,993.79185,993.89124,7
2024-01-08 02:33:42,993.82268,993.92207,6
2024-01-08 02:33:48,993.80661,993.90599,8
2024-01-08 02:33:54,993.81152,993.9109,7
2024-01-08 02:34:00,993.79847,993.89785,6
2024-01-08 02:34:06,993.87606,993.97546,4
2024-01-08 02:34:12,993.78852,993.8879,6
2024-01-08 02:34:18,993.88312,993.98251,9
2024-01-08 02:34:24,993.78451,993.88389,8
2024-01-08 02:34:30,993.8911,993.99049,2
2024-01-08 02:34:36,993.93131,994.03071,5
2024-01-08 02:34:42,993.78812,993.8875,5
2024-01-08 02:34:48,993.88392,993.98332,9
2024-01-08 02:34:54,993.83591,993.9353,1
2024-01-08 02:35:00,993.74992,993.8493,2
2024-01-08 02:35:06,993.82505,993.92443,6
2024-01-08 02:35:12,993.86097,993.96036,1
2024-01-08 02:35:18,993.86878,993.96817,5
2024-01-08 02:35:24,993.83992,993.93931,4
2024-01-08 02:35:30,993.84159,993.94098,4
2024-01-08 02:35:36,993.90054,993.99993,6
2024-01-08 02:35:42,993.81506,993.91445,5
2024-01-08 02:35:48,993.85583,993.95522,8
2024-01-08 02:35:54,993.91674,994.01614,3
2024-01-08 02:36:00,993.87768,993.97707,9
2024-01-08 02:36:06,993.89681,993.99621,7
2024-01-08 02:36:12,993.85117,993.95056,2
2024-01-08 02:36:18,993.79602,993.8954,4
2024-01-08 02:36:24,993.90946,994.00886,1
2024-01-08 02:36:30,993.86202,993.96141,5
2024-01-08 02:36:36,993.83778,993.93717,9
2024-01-08 02:36:42,993.84754,993.94693,8
2024-01-08 02:36:48,993.77275,993.87213,5
2024-01-08 02:36:54,993.8507,993.95009,6
2024-01-08 02:37:00,993.83692,993.93631,6
2024-01-08 02:37:06,993.82779,993.92717,5
2024-01-08 02:37:12,993.88054,993.97994,7
2024-01-08 02:37:18,993.80189,993.90128,5
2024-01-08 02:37:24,993.81125,993.91064,5
2024-01-08 02:37:30,993.9207,994.0201,3
2024-01-08 02:37:36,993.81635,993.91574,6
2024-01-08 02:37:42,993.81861,993.91799,2
2024-01-08 02:37:48,993.8824,993.9818,9
2024-01-08 02:37:54,993.86494,993.96433,3
2024-01-08 02:38:00,993.88424,993.98363,1
2024-01-08 02:38:06,993.81102,993.91041,2
2024-01-08 02:38:12,993.8146,993.91398,8
2024-01-08 02:38:18,993.91279,994.01219,2
2024-01-08 02:38:24,993.84278,993.94217,2
2024-01-08 02:38:30,993.82796,993.92735,8
2024-01-08 02:38:36,993.88636,993.98575,1
2024-01-08 02:38:42,993.90871,994.00811,5
2024-01-08 02:38:48,993.84897,993.94836,2
2024-01-08 02:38:54,993.90673,994.00613,4
2024-01-08 02:39:00,993.91594,994.01533,5
2024-01-08 02:39:06,993.82686,993.92625,1
2024-01-08 02:39:12,993.81636,993.91575,8
2024-01-08 02:39:18,993.84427,993.94366,5
2024-01-08 02:39:24,993.76157,993.86096,1
2024-01-08 02:39:30,993.98192,994.08132,1
2024-01-08 02:39:36,993.86424,993.96363,6
2024-01-08 02:39:42,993.82291,993.9223,4
2024-01-08 02:39:48,993.77608,993.87546,2
2024-01-08 02:39:54,993.81547,993.91485,9
2024-01-08 02:40:00,993.84156,993.94095,9
2024-01-08 02:40:06,993.87555,993.97494,9
2024-01-08 02:40:12,993.82851,993.9279,9
2024-01-08 02:40:18,993.88145,993.98085,2
2024-01-08 02:40:24,993.94009,994.03949,6
2024-01-08 02:40:30,993.88025,993.97965,3
2024-01-08 02:40:36,993.84689,993.94628,7
2024-01-08 02:40:42,993.90113,994.00053,9
2024-01-08 02:40:48,993.81674,993.91613,6
2024-01-08 02:40:54,993.94027,994.03967,7
2024-01-08 02:41:00,993.87112,993.97051,2
2024-01-08 02:41:06,993.93767,994.03706,8
2024-01-08 02:41:12,993.83846,993.93785,3
2024-01-08 02:41:18,993.83675,993.93614,3
2024-01-08 02:41:24,993.70207,993.80144,8
2024-01-08 02:41:30,993.83259,993.93198,1
2024-01-08 02:41:36,993.88443,993.98382,1
2024-01-08 02:41:42,993.81997,993.91935,9
2024-01-08 02:41:48,993.86062,993.96001,9
2024-01-08 02:41:54,993.87896,993.97836,2
2024-01-08 02:42:00,993.81798,993.91736,7
2024-01-08 02:42:06,993.82851,993.9279,5
2024-01-08 02:42:12,993.83199,993.93138,8
2024-01-08 02:42:18,993.76664,993.86602,7
2024-01-08 02:42:24,993.92747,994.02687,4
2024-01-08 02:42:30,993.68952,993.7889,6
2024-01-08 02:42:36,993.80334,993.90272,2
2024-01-08 02:42:42,993.86365,993.96304,5
2024-01-08 02:42:48,993.80227,993.90165,9
2024-01-08 02:42:54,993.83642,993.93581,6
2024-01-08 02:43:00,993.85569,993.95508,9
2024-01-08 02:43:06,993.84189,993.94128,6
2024-01-08 02:43:12,993.88395,993.98335,3
2024-01-08 02:43:18,993.89232,993.99171,7
2024-01-08 02:43:24,993.9156,994.015,1
2024-01-08 02:43:30,993.83282,993.93221,6
2024-01-08 02:43:36,993.86176,993.96115,2
2024-01-08 02:43:42,993.78788,993.88726,7
2024-01-08 02:43:48,993.91396,994.01336,7
2024-01-08 02:43:54,993.96394,994.06334,3
2024-01-08 02:44:00,993.85514,993.95453,7
2024-01-08 02:44:06,993.85035,993.94974,5
2024-01-08 02:44:12,993.9082,994.00759,1
2024-01-08 02:44:18,993.88096,993.98035,9
2024-01-08 02:44:24,993.85506,993.95445,3
2024-01-08 02:44:30,993.81873,993.91812,6
2024-01-08 02:44:36,993.9091,994.00849,7
2024-01-08 02:44:42,993.89614,993.99553,2
2024-01-08 02:44:48,993.82475,993.92414,4
2024-01-08 02:44:54,993.84539,993.94478,3
2024-01-08 02:45:00,993.78089,993.88027,5
2024-01-08 02:45:06,993.82986,993.92924,8
2024-01-08 02:45:12,993.87894,993.97833,7
2024-01-08 02:45:18,993.77605,993.87544,5
2024-01-08 02:45:24,993.80402,993.90341,8
2024-01-08 02:45:30,993.93238,994.03178,3
2024-01-08 02:45:36,993.90982,994.00922,9
2024-01-08 02:45:42,993.88957,993.98897,1
2024-01-08 02:45:48,993.90736,994.00676,1
2024-01-08 02:45:54,993.9206,994.02,4
2024-01-08 02:46:00,993.81749,993.91688,1
2024-01-08 02:46:06,993.81989,993.91928,1
2024-01-08 02:46:12,993.82331,993.9227,3
2024-01-08 02:46:18,993.84439,993.94378,9
2024-01-08 02:46:24,993.87907,993.97846,8
2024-01-08 02:46:30,993.86038,993.95977,9
2024-01-08 02:46:36,993.82446,993.92385,9
2024-01-08 02:46:42,993.92264,994.02203,2
2024-01-08 02:46:48,993.79399,993.89338,8
2024-01-08 02:46:54,993.89316,993.99255,8
2024-01-08 02:47:00,993.91129,994.01068,3
2024-01-08 02:47:06,993.8775,993.9769,7
2024-01-08 02:47:12,993.85788,993.95727,8
2024-01-08 02:47:18,993.80614,993.90553,9
2024-01-08 02:47:24,993.76723,993.86661,6
2024-01-08 02:47:30,993.87825,993.97765,5
2024-01-08 02:47:36,993.89228,993.99167,8
2024-01-08 02:47:42,993.88359,993.98298,8
2024-01-08 02:47:48,993.90436,994.00376,8
2024-01-08 02:47:54,993.84069,993.94008,7
2024-01-08 02:48:00,993.84948,993.94887,9
2024-01-08 02:48:06,993.79954,993.89893,2
2024-01-08 02:48:12,993.78497,993.88435,3
2024-01-08 02:48:18,993.8698,993.96919,9
2024-01-08 02:48:24,993.84413,993.94352,9
2024-01-08 02:48:30,993.90428,994.00367,4
2024-01-08 02:48:36,993.83914,993.93852,5
2024-01-08 02:48:42,993.81439,993.91378,5
2024-01-08 02:48:48,993.91295,994.01235,6
2024-01-08 02:48:54,993.84833,993.94772,3
2024-01-08 02:49:00,993.91073,994.01013,3
2024-01-08 02:49:06,993.82847,993.92786,4
2024-01-08 02:49:12,993.85262,993.95201,1
2024-01-08 02:49:18,993.82913,993.92852,6
2024-01-08 02:49:24,993.82021,993.9196,2
2024-01-08 02:49:30,993.91954,994.01894,7
2024-01-08 02:49:36,993.70696,993.80633,5
2024-01-08 02:49:42,993.83492,993.9343,9
2024-01-08 02:49:48,993.78507,993.88445,5
2024-01-08 02:49:54,993.80588,993.90527,8
2024-01-08 02:50:00,993.88287,993.98226,5
2024-01-08 02:50:06,993.84008,993.93947,4
2024-01-08 02:50:12,993.81496,993.91435,7
2024-01-08 02:50:18,993.83575,993.93514,1
2024-01-08 02:50:24,993.8313,993.93069,5
2024-01-08 02:50:30,993.85017,993.94956,7
2024-01-08 02:50:36,993.88927,993.98867,8
2024-01-08 02:50:42,993.74951,993.84889,8
2024-01-08 02:50:48,993.81298,993.91236,4
2024-01-08 02:50:54,993.79113,993.89051,9
2024-01-08 02:51:00,993.83118,993.93056,1
2024-01-08 02:51:06,993.84995,993.94934,5
2024-01-08 02:51:12,993.87223,993.97163,6
2024-01-08 02:51:18,993.81462,993.914,9
2024-01-08 02:51:24,993.81362,993.913,2
2024-01-08 02:51:30,993.85988,993.95927,3
2024-01-08 02:51:36,993.85833,993.95772,6
2024-01-08 02:51:42,993.90615,994.00555,4
2024-01-08 02:51:48,993.76692,993.8663,1
2024-01-08 02:51:54,993.90363,994.00303,7
2024-01-08 02:52:00,993.9113,994.0107,2
2024-01-08 02:52:06,993.83462,993.93401,1
2024-01-08 02:52:12,993.77931,993.87869,6
2024-01-08 02:52:18,993.90645,994.00584,4
2024-01-08 02:52:24,993.88383,993.98322,2
2024-01-08 02:52:30,993.71655,993.81593,5
2024-01-08 02:52:36,993.87356,993.97295,1
2024-01-08 02:52:42,993.8752,993.9746,3
2024-01-08 02:52:48,993.88836,993.98775,3
2024-01-08 02:52:54,993.85028,993.94967,8
2024-01-08 02:53:00,993.87963,993.97903,7
2024-01-08 02:53:06,993.93301,994.0324,3
2024-01-08 02:53:12,993.89222,993.99162,5
2024-01-08 02:53:18,993.89395,993.99335,6
2024-01-08 02:53:24,993.78957,993.88896,4
2024-01-08 02:53:30,993.89034,993.98973,6
2024-01-08 02:53:36,993.89737,993.99676,5
2024-01-08 02:53:42,993.84225,993.94164,1
2024-01-08 02:53:48,993.84815,993.94754,3
2024-01-08 02:53:54,993.94189,994.04129,9
2024-01-08 02:54:00,993.83628,993.93567,7
2024-01-08 02:54:06,993.86989,993.96928,8
2024-01-08 02:54:12,993.91992,994.01932,9
2024-01-08 02:54:18,993.95564,994.05504,1
2024-01-08 02:54:24,993.84084,993.94023,9
2024-01-08 02:54:30,993.76392,993.8633,1
2024-01-08 02:54:36,993.70418,993.80355,9
2024-01-08 02:54:42,993.92727,994.02667,4
2024-01-08 02:54:48,993.78442,993.88381,9
2024-01-08 02:54:54,993.82735,993.92673,9
2024-01-08 02:55:00,993.89204,993.99144,6
2024-01-08 02:55:06,993.79606,993.89544,9
2024-01-08 02:55:12,993.86528,993.96467,1
2024-01-08 02:55:18,993.774,993.87338,1
2024-01-08 02:55:24,993.82465,993.92404,7
2024-01-08 02:55:30,993.87147,993.97086,8
2024-01-08 02:55:36,993.90617,994.00557,1
2024-01-08 02:55:42,993.79823,993.89761,6
2024-01-08 02:55:48,993.89024,993.98964,7
2024-01-08 02:55:54,993.7996,993.89898,5
2024-01-08 02:56:00,993.8198,993.91918,4
2024-01-08 02:56:06,993.85014,993.94953,5
2024-01-08 02:56:12,993.7792,993.87858,4
2024-01-08 02:56:18,993.85517,993.95456,5
2024-01-08 02:56:24,993.83219,993.93158,4
2024-01-08 02:56:30,993.80958,993.90897,2
2024-01-08 02:56:36,993.90165,994.00105,1
2024-01-08 02:56:42,993.843,993.94239,4
2024-01-08 02:56:48,993.90492,994.00431,9
2024-01-08 02:56:54,993.81275,993.91214,3
2024-01-08 02:57:00,993.76101,993.8604,8
2024-01-08 02:57:06,993.84425,993.94364,9
2024-01-08 02:57:12,993.86581,993.9652,6
2024-01-08 02:57:18,993.90708,994.00648,1
2024-01-08 02:57:24,993.85161,993.951,8
2024-01-08 02:57:30,993.83852,993.93791,7
2024-01-08 02:57:36,993.81745,993.91684,4
2024-01-08 02:57:42,993.96529,994.06469,6
2024-01-08 02:57:48,993.90274,994.00213,8
2024-01-08 02:57:54,993.83872,993.93811,2
2024-01-08 02:58:00,993.91896,994.01836,2
2024-01-08 02:58:06,993.8957,993.9951,7
2024-01-08 02:58:12,993.88514,993.98454,6
2024-01-08 02:58:18,993.85433,993.95372,5
2024-01-08 02:58:24,993.81119,993.91057,7
2024-01-08 02:58:30,993.81869,993.91807,1
2024-01-08 02:58:36,993.8801,993.97949,1
2024-01-08 02:58:42,993.77338,993.87277,8
2024-01-08 02:58:48,993.83411,993.9335,3
2024-01-08 02:58:54,993.86897,993.96836,8
2024-01-08 02:59:00,993.87035,993.96975,9
2024-01-08 02:59:06,993.82709,993.92648,8
2024-01-08 02:59:12,993.78903,993.88841,1
2024-01-08 02:59:18,993.85235,993.95174,6
2024-01-08 02:59:24,993.90815,994.00754,2
2024-01-08 02:59:30,993.72491,993.82429,3
2024-01-08 02:59:36,993.85257,993.95196,5
2024-01-08 02:59:42,993.7885,993.88788,3
2024-01-08 02:59:48,993.89231,993.9917,6
2024-01-08 02:59:54,993.87361,993.973,7
2024-01-08 03:00:00,993.77637,993.87575,7
2024-01-08 03:00:06,993.87135,993.97074,3
2024-01-08 03:00:12,993.81986,993.91925,4
2024-01-08 03:00:18,993.9387,994.0381,2
2024-01-08 03:00:24,993.8498,993.94919,4
2024-01-08 03:00:30,993.93008,994.02948,2
2024-01-08 03:00:36,993.8205,993.91988,7
2024-01-08 03:00:42,993.84106,993.94045,9
2024-01-08 03:00:48,993.86191,993.9613,2
2024-01-08 03:00:54,993.84696,993.94635,7
2024-01-08 03:01:00,993.82922,993.9286,8
2024-01-08 03:01:06,993.9247,994.0241,5
2024-01-08 03:01:12,993.83026,993.92965,4
2024-01-08 03:01:18,993.84783,993.94722,5
2024-01-08 03:01:24,993.80975,993.90914,2
2024-01-08 03:01:30,993.85126,993.95065,6
2024-01-08 03:01:36,993.95291,994.05231,4
2024-01-08 03:01:42,993.83725,993.93663,3
2024-01-08 03:01:48,993.76976,993.86914,7
2024-01-08 03:01:54,993.82512,993.92451,9
2024-01-08 03:02:00,993.84102,993.94041,1
2024-01-08 03:02:06,993.88139,993.98078,7
2024-01-08 03:02:12,993.76728,993.86667,2
2024-01-08 03:02:18,993.82156,993.92095,4
2024-01-08 03:02:24,993.83655,993.93594,8
2024-01-08 03:02:30,993.88203,993.98142,1
2024-01-08 03:02:36,993.92734,994.02674,7
2024-01-08 03:02:42,993.81671,993.9161,4
2024-01-08 03:02:48,993.85206,993.95145,7
2024-01-08 03:02:54,993.89577,993.99516,8
2024-01-08 03:03:00,993.8709,993.97029,3
2024-01-08 03:03:06,993.8722,993.97159,8
2024-01-08 03:03:12,993.79347,993.89286,7
2024-01-08 03:03:18,993.81341,993.91279,4
2024-01-08 03:03:24,993.74508,993.84446,5
2024-01-08 03:03:30,993.8039,993.90329,9
2024-01-08 03:03:36,993.88939,993.98878,8
2024-01-08 03:03:42,993.86082,993.96021,8
2024-01-08 03:03:48,993.89474,993.99413,4
2024-01-08 03:03:54,993.84486,993.94425,3
2024-01-08 03:04:00,993.81978,993.91917,3
2024-01-08 03:04:06,993.8251,993.92448,6
2024-01-08 03:04:12,993.85018,993.94957,1
2024-01-08 03:04:18,993.8936,993.993,1
2024-01-08 03:04:24,993.84602,993.94541,3
2024-01-08 03:04:30,993.88462,993.98402,6
2024-01-08 03:04:36,993.82052,993.91991,7
2024-01-08 03:04:42,993.86892,993.96831,5
2024-01-08 03:04:48,993.78518,993.88456,2
2024-01-08 03:04:54,993.7739,993.87328,8
2024-01-08 03:05:00,993.7813,993.88068,9
2024-01-08 03:05:06,993.85763,993.95703,1
2024-01-08 03:05:12,993.83669,993.93607,3
2024-01-08 03:05:18,993.82086,993.92024,4
2024-01-08 03:05:24,993.86734,993.96674,9
2024-01-08 03:05:30,993.82079,993.92018,2
2024-01-08 03:05:36,993.87578,993.97517,4
2024-01-08 03:05:42,993.86029,993.95969,5
2024-01-08 03:05:48,993.84606,993.94545,2
2024-01-08 03:05:54,993.8198,993.91918,5
2024-01-08 03:06:00,993.82127,993.92065,5
2024-01-08 03:06:06,993.85711,993.9565,2
2024-01-08 03:06:12,993.88282,993.98221,7
2024-01-08 03:06:18,993.88228,993.98168,5
2024-01-08 03:06:24,993.97664,994.07604,9
2024-01-08 03:06:30,993.79285,993.89224,1
2024-01-08 03:06:36,993.8551,993.95449,6
2024-01-08 03:06:42,993.8134,993.91279,9
2024-01-08 03:06:48,993.81705,993.91644,1
2024-01-08 03:06:54,993.78846,993.88784,4
2024-01-08 03:07:00,993.85584,993.95523,6
2024-01-08 03:07:06,993.81868,993.91807,8
2024-01-08 03:07:12,993.86318,993.96257,7
2024-01-08 03:07:18,993.8847,993.9841,3
2024-01-08 03:07:24,993.85661,993.956,2
2024-01-08 03:07:30,993.89394,993.99333,9
2024-01-08 03:07:36,993.86866,993.96805,4
2024-01-08 03:07:42,993.81857,993.91796,4
2024-01-08 03:07:48,993.78805,993.88743,1
2024-01-08 03:07:54,993.81314,993.91252,8
2024-01-08 03:08:00,993.8559,993.95529,7
2024-01-08 03:08:06,993.83878,993.93817,1
2024-01-08 03:08:12,993.77346,993.87285,7
2024-01-08 03:08:18,993.86628,993.96567,7
2024-01-08 03:08:24,993.91966,994.01906,8
2024-01-08 03:08:30,993.8193,993.91869,8
2024-01-08 03:08:36,993.73075,993.83013,2
2024-01-08 03:08:42,993.91673,994.01613,2
2024-01-08 03:08:48,993.82755,993.92694,7
2024-01-08 03:08:54,993.88562,993.98502,4
2024-01-08 03:09:00,993.82808,993.92747,9
2024-01-08 03:09:06,993.9684,994.0678,6
2024-01-08 03:09:12,993.80207,993.90145,2
2024-01-08 03:09:18,993.88158,993.98098,6
2024-01-08 03:09:24,993.84635,993.94574,1
2024-01-08 03:09:30,993.74273,993.84211,7
2024-01-08 03:09:36,993.91131,994.0107,7
2024-01-08 03:09:42,993.79201,993.89139,9
2024-01-08 03:09:48,993.88452,993.98392,3
2024-01-08 03:09:54,993.78139,993.88077,5
2024-01-08 03:10:00,993.86183,993.96122,1
2024-01-08 03:10:06,993.91313,994.01252,5
2024-01-08 03:10:12,993.91291,994.01231,9
2024-01-08 03:10:18,993.75915,993.85853,3
2024-01-08 03:10:24,993.85736,993.95675,9
2024-01-08 03:10:30,993.82147,993.92085,1
2024-01-08 03:10:36,993.85611,993.9555,5
2024-01-08 03:10:42,993.83231,993.9317,9
2024-01-08 03:10:48,993.82576,993.92515,8
2024-01-08 03:10:54,993.85092,993.95031,6
2024-01-08 03:11:00,993.88369,993.98308,4
2024-01-08 03:11:06,993.84406,993.94345,5
2024-01-08 03:11:12,993.87151,993.9709,2
2024-01-08 03:11:18,993.87421,993.9736,7
2024-01-08 03:11:24,993.85249,993.95188,5
2024-01-08 03:11:30,993.78319,993.88257,3
2024-01-08 03:11:36,993.90351,994.00291,6
2024-01-08 03:11:42,993.81926,993.91864,5
2024-01-08 03:11:48,993.79875,993.89813,5
2024-01-08 03:11:54,993.84174,993.94113,7
2024-01-08 03:12:00,993.91721,994.0166,6
2024-01-08 03:12:06,993.86816,993.96756,7
2024-01-08 03:12:12,993.82968,993.92907,4
2024-01-08 03:12:18,993.86621,993.9656,6
2024-01-08 03:12:24,993.92686,994.02626,6
2024-01-08 03:12:30,993.94574,994.04513,9
2024-01-08 03:12:36,993.85394,993.95333,3
2024-01-08 03:12:42,993.87194,993.97133,5
2024-01-08 03:12:48,993.87703,993.97642,1
2024-01-08 03:12:54,993.87943,993.97883,8
2024-01-08 03:13:00,993.79647,993.89586,5
2024-01-08 03:13:06,993.83213,993.93152,9
2024-01-08 03:13:12,993.92275,994.02215,3
2024-01-08 03:13:18,993.77594,993.87532,7
2024-01-08 03:13:24,993.84901,993.9484,1
2024-01-08 03:13:30,993.92208,994.02147,1
2024-01-08 03:13:36,993.87584,993.97523,9
2024-01-08 03:13:42,993.82155,993.92094,6
2024-01-08 03:13:48,993.82474,993.92413,6
2024-01-08 03:13:54,993.81296,993.91235,7
2024-01-08 03:14:00,993.85512,993.95451,5
2024-01-08 03:14:06,993.92051,994.0199,6
2024-01-08 03:14:12,993.82869,993.92807,7
2024-01-08 03:14:18,993.84746,993.94685,2
2024-01-08 03:14:24,993.90404,994.00344,8
2024-01-08 03:14:30,993.84152,993.94091,7
2024-01-08 03:14:36,993.87564,993.97503,3
2024-01-08 03:14:42,993.87586,993.97525,3
2024-01-08 03:14:48,993.81475,993.91414,6
2024-01-08 03:14:54,993.84863,993.94802,5
2024-01-08 03:15:00,993.84891,993.9483,6
2024-01-08 03:15:06,993.90546,994.00486,4
2024-01-08 03:15:12,993.83657,993.93596,8
2024-01-08 03:15:18,993.8827,993.98209,9
2024-01-08 03:15:24,993.81349,993.91288,7
2024-01-08 03:15:30,993.85842,993.95781,6
2024-01-08 03:15:36,993.90167,994.00107,6
2024-01-08 03:15:42,993.82531,993.9247,6
2024-01-08 03:15:48,993.7928,993.89218,2
2024-01-08 03:15:54,993.85211,993.95151,5
2024-01-08 03:16:00,993.8126,993.91199,3
2024-01-08 03:16:06,993.83168,993.93107,5
2024-01-08 03:16:12,993.85234,993.95173,4
2024-01-08 03:16:18,993.82594,993.92532,9
2024-01-08 03:16:24,993.81167,993.91106,4
2024-01-08 03:16:30,993.86576,993.96515,6
2024-01-08 03:16:36,993.97619,994.0756,6
2024-01-08 03:16:42,993.85795,993.95734,8
2024-01-08 03:16:48,993.88612,993.98551,5
2024-01-08 03:16:54,993.84232,993.94171,5
2024-01-08 03:17:00,993.79803,993.89741,7
2024-01-08 03:17:06,993.79411,993.89349,7
2024-01-08 03:17:12,993.80648,993.90586,4
2024-01-08 03:17:18,993.874,993.97339,8
2024-01-08 03:17:24,993.82089,993.92027,8
2024-01-08 03:17:30,993.87861,993.97801,4
2024-01-08 03:17:36,993.85927,993.95866,2
2024-01-08 03:17:42,993.81518,993.91457,8
2024-01-08 03:17:48,993.81046,993.90985,8
2024-01-08 03:17:54,993.93176,994.03116,4
2024-01-08 03:18:00,993.89429,993.99368,6
2024-01-08 03:18:06,993.79532,993.8947,4
2024-01-08 03:18:12,993.80511,993.90449,4
2024-01-08 03:18:18,993.83322,993.93261,7
2024-01-08 03:18:24,993.84307,993.94246,6
2024-01-08 03:18:30,993.89133,993.99072,8
2024-01-08 03:18:36,993.78379,993.88317,5
2024-01-08 03:18:42,993.85791,993.9573,9
2024-01-08 03:18:48,993.73981,993.83919,1
2024-01-08 03:18:54,993.86479,993.96419,5
2024-01-08 03:19:00,993.85546,993.95485,7
2024-01-08 03:19:06,993.84371,993.94309,3
2024-01-08 03:19:12,993.85737,993.95676,7
2024-01-08 03:19:18,993.90779,994.00719,6
2024-01-08 03:19:24,993.82703,993.92642,8
2024-01-08 03:19:30,993.81102,993.91041,3
2024-01-08 03:19:36,993.91494,994.01433,6
2024-01-08 03:19:42,993.8644,993.96379,2
2024-01-08 03:19:48,993.88351,993.9829,7
2024-01-08 03:19:54,993.80965,993.90903,1
2024-01-08 03:20:00,993.84415,993.94354,5
2024-01-08 03:20:06,993.88914,993.98853,2
2024-01-08 03:20:12,993.90956,994.00896,3
2024-01-08 03:20:18,993.83322,993.93261,6
2024-01-08 03:20:24,993.79675,993.89613,8
2024-01-08 03:20:30,993.81083,993.91022,6
2024-01-08 03:20:36,993.83502,993.93441,7
2024-01-08 03:20:42,993.88699,993.98638,3
2024-01-08 03:20:48,993.8598,993.9592,8
2024-01-08 03:20:54,993.83877,993.93816,6
2024-01-08 03:21:00,993.86954,993.96893,6
2024-01-08 03:21:06,993.83597,993.93535,9
2024-01-08 03:21:12,993.85342,993.95281,6
2024-01-08 03:21:18,993.90783,994.00723,7
2024-01-08 03:21:24,993.77767,993.87705,6
2024-01-08 03:21:30,993.90798,994.00738,3
2024-01-08 03:21:36,993.84529,993.94468,6
2024-01-08 03:21:42,993.80622,993.9056,3
2024-01-08 03:21:48,993.87364,993.97304,4
2024-01-08 03:21:54,993.82364,993.92303,7
2024-01-08 03:22:00,993.88453,993.98392,1
2024-01-08 03:22:06,993.78572,993.8851,7
2024-01-08 03:22:12,993.77359,993.87297,2
2024-01-08 03:22:18,993.88379,993.98318,6
2024-01-08 03:22:24,993.92247,994.02186,8
2024-01-08 03:22:30,993.84845,993.94784,2
2024-01-08 03:22:36,993.7722,993.87159,7
2024-01-08 03:22:42,993.84915,993.94854,8
2024-01-08 03:22:48,993.85078,993.95017,8
2024-01-08 03:22:54,993.81661,993.916,7
2024-01-08 03:23:00,993.89678,993.99617,5
2024-01-08 03:23:06,993.90909,994.00849,6
2024-01-08 03:23:12,993.8096,993.90898,3
2024-01-08 03:23:18,993.83408,993.93347,1
2024-01-08 03:23:24,993.81155,993.91093,6
2024-01-08 03:23:30,993.78595,993.88534,9
2024-01-08 03:23:36,993.83743,993.93682,3
2024-01-08 03:23:42,993.84564,993.94503,4
2024-01-08 03:23:48,993.81081,993.9102,9
2024-01-08 03:23:54,993.80312,993.9025,6
2024-01-08 03:24:00,993.8769,993.97629,7
2024-01-08 03:24:06,993.87404,993.97343,7
2024-01-08 03:24:12,993.88631,993.98571,6
2024-01-08 03:24:18,993.7995,993.89889,8
2024-01-08 03:24:24,993.77741,993.87679,8
2024-01-08 03:24:30,993.80766,993.90704,4
2024-01-08 03:24:36,993.92833,994.02773,4
2024-01-08 03:24:42,993.8462,993.94559,5
2024-01-08 03:24:48,993.84311,993.9425,5
2024-01-08 03:24:54,993.81619,993.91558,1
2024-01-08 03:25:00,993.87511,993.9745,8
2024-01-08 03:25:06,993.80277,993.90216,7
2024-01-08 03:25:12,993.90375,994.00314,3
2024-01-08 03:25:18,993.87014,993.96953,7
2024-01-08 03:25:24,993.82919,993.92858,7
2024-01-08 03:25:30,993.84978,993.94917,3
2024-01-08 03:25:36,993.87232,993.97172,2
2024-01-08 03:25:42,993.93982,994.03922,5
2024-01-08 03:25:48,993.90538,994.00478,9
2024-01-08 03:25:54,993.91119,994.01058,7
2024-01-08 03:26:00,993.97745,994.07686,5
2024-01-08 03:26:06,993.8722,993.97159,6
2024-01-08 03:26:12,993.87422,993.97362,7
2024-01-08 03:26:18,993.82279,993.92218,4
2024-01-08 03:26:24,993.77024,993.86962,7
2024-01-08 03:26:30,993.88291,993.9823,8
2024-01-08 03:26:36,993.87987,993.97926,1
2024-01-08 03:26:42,993.85728,993.95667,3
2024-01-08 03:26:48,993.78258,993.88196,9
2024-01-08 03:26:54,993.86173,993.96112,5
2024-01-08 03:27:00,993.85441,993.9538,2
2024-01-08 03:27:06,993.8117,993.91108,3
2024-01-08 03:27:12,993.80311,993.90249,5
2024-01-08 03:27:18,993.76726,993.86664,7
2024-01-08 03:27:24,993.78204,993.88142,8
2024-01-08 03:27:30,993.90294,994.00234,3
2024-01-08 03:27:36,993.8809,993.98029,5
2024-01-08 03:27:42,993.82579,993.92518,8
2024-01-08 03:27:48,993.84869,993.94808,2
2024-01-08 03:27:54,993.89013,993.98952,7
2024-01-08 03:28:00,993.89462,993.99401,5
2024-01-08 03:28:06,993.89439,993.99378,1
2024-01-08 03:28:12,993.87991,993.9793,6
2024-01-08 03:28:18,993.84847,993.94786,6
2024-01-08 03:28:24,993.79004,993.88942,5
2024-01-08 03:28:30,993.85878,993.95817,1
2024-01-08 03:28:36,993.78652,993.8859,3
2024-01-08 03:28:42,993.8489,993.94829,8
2024-01-08 03:28:48,993.92746,994.02686,8
2024-01-08 03:28:54,993.88302,993.98242,6
2024-01-08 03:29:00,993.91228,994.01167,5
2024-01-08 03:29:06,993.84476,993.94415,1
2024-01-08 03:29:12,993.92707,994.02647,3
2024-01-08 03:29:18,993.78304,993.88243,7
2024-01-08 03:29:24,993.81348,993.91287,4
2024-01-08 03:29:30,993.91645,994.01585,7
2024-01-08 03:29:36,993.74138,993.84076,3
2024-01-08 03:29:42,993.80188,993.90127,7
2024-01-08 03:29:48,993.9658,994.0652,4
2024-01-08 03:29:54,993.77837,993.87775,3
2024-01-08 03:30:00,993.79141,993.89079,8
2024-01-08 03:30:06,993.76095,993.86033,3
2024-01-08 03:30:12,993.82202,993.92141,2
2024-01-08 03:30:18,993.98785,994.08726,3
2024-01-08 03:30:24,993.84718,993.94657,3
2024-01-08 03:30:30,993.84193,993.94132,9
2024-01-08 03:30:36,993.79722,993.89661,8
2024-01-08 03:30:42,993.90402,994.00342,2
2024-01-08 03:30:48,993.92606,994.02545,7
2024-01-08 03:30:54,993.76495,993.86433,9
2024-01-08 03:31:00,993.82204,993.92142,5
2024-01-08 03:31:06,993.89933,993.99873,8
2024-01-08 03:31:12,993.87484,993.97423,7
2024-01-08 03:31:18,993.9068,994.0062,4
2024-01-08 03:31:24,993.82538,993.92477,5
2024-01-08 03:31:30,993.9035,994.00289,8
2024-01-08 03:31:36,993.83272,993.93211,4
2024-01-08 03:31:42,993.81942,993.9188,6
2024-01-08 03:31:48,993.88421,993.9836,9
2024-01-08 03:31:54,993.82059,993.91998,7
2024-01-08 03:32:00,993.85431,993.9537,5
2024-01-08 03:32:06,993.88306,993.98245,8
2024-01-08 03:32:12,993.88735,993.98674,3
2024-01-08 03:32:18,993.8628,993.9622,8
2024-01-08 03:32:24,993.76407,993.86345,1
2024-01-08 03:32:30,993.8353,993.93469,7
2024-01-08 03:32:36,993.86439,993.96378,7
2024-01-08 03:32:42,993.862,993.96139,5
2024-01-08 03:32:48,993.84663,993.94602,2
2024-01-08 03:32:54,993.90974,994.00914,5
2024-01-08 03:33:00,993.85857,993.95796,4
2024-01-08 03:33:06,993.85474,993.95413,7
2024-01-08 03:33:12,993.85219,993.95158,1
2024-01-08 03:33:18,993.80165,993.90103,2
2024-01-08 03:33:24,993.82258,993.92197,3
2024-01-08 03:33:30,993.77104,993.87043,1
2024-01-08 03:33:36,993.86656,993.96595,3
2024-01-08 03:33:42,993.84621,993.9456,5
2024-01-08 03:33:48,993.78843,993.88782,3
2024-01-08 03:33:54,993.91807,994.01747,7
2024-01-08 03:34:00,993.83703,993.93642,3
2024-01-08 03:34:06,993.86592,993.96531,9
2024-01-08 03:34:12,993.86249,993.96188,9
2024-01-08 03:34:18,993.87129,993.97068,9
2024-01-08 03:34:24,993.80518,993.90456,6
2024-01-08 03:34:30,993.87688,993.97627,2
2024-01-08 03:34:36,993.87506,993.97445,8
2024-01-08 03:34:42,993.88885,993.98824,1
2024-01-08 03:34:48,993.8887,993.98809,6
2024-01-08 03:34:54,993.9207,994.0201,4
2024-01-08 03:35:00,993.88192,993.98131,3
2024-01-08 03:35:06,993.86558,993.96497,3
2024-01-08 03:35:12,993.83779,993.93718,5
2024-01-08 03:35:18,993.84817,993.94756,5
2024-01-08 03:35:24,993.77976,993.87914,2
2024-01-08 03:35:30,993.86504,993.96444,7
2024-01-08 03:35:36,993.90182,994.00121,5
2024-01-08 03:35:42,993.79177,993.89116,7
2024-01-08 03:35:48,993.7968,993.89618,2
2024-01-08 03:35:54,993.8013,993.90069,7
2024-01-08 03:36:00,993.7808,993.88019,5
2024-01-08 03:36:06,993.90931,994.0087,5
2024-01-08 03:36:12,993.86525,993.96464,1
2024-01-08 03:36:18,993.82744,993.92683,8
2024-01-08 03:36:24,993.83939,993.93878,7
2024-01-08 03:36:30,993.82823,993.92762,5
2024-01-08 03:36:36,993.82977,993.92916,8
2024-01-08 03:36:42,993.85906,993.95845,6
2024-01-08 03:36:48,993.85005,993.94944,7
2024-01-08 03:36:54,993.84423,993.94362,4
2024-01-08 03:37:00,993.89175,993.99114,7
2024-01-08 03:37:06,993.84204,993.94143,9
2024-01-08 03:37:12,993.94973,994.04913,7
2024-01-08 03:37:18,993.96444,994.06384,2
2024-01-08 03:37:24,993.79458,993.89397,7
2024-01-08 03:37:30,993.91246,994.01186,1
2024-01-08 03:37:36,993.79545,993.89483,5
2024-01-08 03:37:42,993.8358,993.93519,5
2024-01-08 03:37:48,993.93594,994.03534,5
2024-01-08 03:37:54,993.84331,993.9427,3
2024-01-08 03:38:00,993.85877,993.95816,5
2024-01-08 03:38:06,993.75624,993.85562,5
2024-01-08 03:38:12,993.83632,993.93571,2
2024-01-08 03:38:18,993.82035,993.91974,4
2024-01-08 03:38:24,993.85631,993.9557,9
2024-01-08 03:38:30,993.92557,994.02497,4
2024-01-08 03:38:36,993.95691,994.05631,5
2024-01-08 03:38:42,993.89523,993.99462,3
2024-01-08 03:38:48,993.88378,993.98317,5
2024-01-08 03:38:54,993.8114,993.91079,3
2024-01-08 03:39:00,993.80099,993.90037,3
2024-01-08 03:39:06,993.87249,993.97188,7
2024-01-08 03:39:12,993.79231,993.89169,9
2024-01-08 03:39:18,993.80159,993.90097,2
2024-01-08 03:39:24,993.88458,993.98397,4
2024-01-08 03:39:30,993.93736,994.03676,4
2024-01-08 03:39:36,993.80662,993.90601,6
2024-01-08 03:39:42,993.90904,994.00844,5
2024-01-08 03:39:48,993.83948,993.93887,3
2024-01-08 03:39:54,993.81967,993.91905,4
2024-01-08 03:40:00,993.86054,993.95993,2
2024-01-08 03:40:06,993.86632,993.96571,3
2024-01-08 03:40:12,993.80343,993.90282,8
2024-01-08 03:40:18,993.78412,993.8835,6
2024-01-08 03:40:24,993.81774,993.91712,5
2024-01-08 03:40:30,993.86419,993.96358,8
2024-01-08 03:40:36,993.91554,994.01494,8
2024-01-08 03:40:42,993.86567,993.96507,9
2024-01-08 03:40:48,993.75847,993.85785,5
2024-01-08 03:40:54,993.78,993.87938,7
2024-01-08 03:41:00,993.81982,993.91921,7
2024-01-08 03:41:06,993.85426,993.95365,5
2024-01-08 03:41:12,993.90688,994.00628,3
2024-01-08 03:41:18,993.84529,993.94468,3
2024-01-08 03:41:24,993.88263,993.98202,8
2024-01-08 03:41:30,993.86773,993.96713,8
2024-01-08 03:41:36,993.83015,993.92954,2
2024-01-08 03:41:42,993.81656,993.91594,9
2024-01-08 03:41:48,993.86475,993.96414,7
2024-01-08 03:41:54,993.8427,993.94209,9
2024-01-08 03:42:00,993.76699,993.86638,1
2024-01-08 03:42:06,993.9199,994.0193,9
2024-01-08 03:42:12,993.88299,993.98238,2
2024-01-08 03:42:18,993.77176,993.87114,5
2024-01-08 03:42:24,993.85768,993.95707,8
2024-01-08 03:42:30,993.77236,993.87174,5
2024-01-08 03:42:36,993.90154,994.00093,4
2024-01-08 03:42:42,993.83881,993.9382,9
2024-01-08 03:42:48,993.86671,993.9661,2
2024-01-08 03:42:54,993.90449,994.00388,7
2024-01-08 03:43:00,993.84311,993.9425,6
2024-01-08 03:43:06,993.82591,993.9253,4
2024-01-08 03:43:12,993.82004,993.91942,5
2024-01-08 03:43:18,993.8591,993.9585,2
2024-01-08 03:43:24,993.88064,993.98003,4
2024-01-08 03:43:30,993.84927,993.94866,9
2024-01-08 03:43:36,993.89927,993.99866,6
2024-01-08 03:43:42,993.81454,993.91392,6
2024-01-08 03:43:48,993.88874,993.98813,4
2024-01-08 03:43:54,993.68977,993.78914,7
2024-01-08 03:44:00,993.8462,993.94559,8
2024-01-08 03:44:06,993.83854,993.93793,5
2024-01-08 03:44:12,993.92671,994.02611,5
2024-01-08 03:44:18,993.88394,993.98334,8
2024-01-08 03:44:24,993.80094,993.90032,7
2024-01-08 03:44:30,993.74751,993.84689,5
2024-01-08 03:44:36,993.88446,993.98385,5
2024-01-08 03:44:42,993.82292,993.92231,8
2024-01-08 03:44:48,993.88277,993.98216,6
2024-01-08 03:44:54,993.83146,993.93084,8
2024-01-08 03:45:00,993.76481,993.86419,7
2024-01-08 03:45:06,993.87711,993.9765,6
2024-01-08 03:45:12,993.89727,993.99666,8
2024-01-08 03:45:18,993.85264,993.95203,4
2024-01-08 03:45:24,993.88175,993.98114,4
2024-01-08 03:45:30,993.83568,993.93507,8
2024-01-08 03:45:36,993.90978,994.00917,8
2024-01-08 03:45:42,993.89194,993.99133,1
2024-01-08 03:45:48,993.89783,993.99723,3
2024-01-08 03:45:54,993.7988,993.89819,4
2024-01-08 03:46:00,993.8995,993.9989,8
2024-01-08 03:46:06,993.76654,993.86592,1
2024-01-08 03:46:12,993.80224,993.90162,5
2024-01-08 03:46:18,993.82413,993.92352,4
2024-01-08 03:46:24,993.83258,993.93197,9
2024-01-08 03:46:30,993.86933,993.96872,8
2024-01-08 03:46:36,993.83764,993.93702,9
2024-01-08 03:46:42,993.79889,993.89828,1
2024-01-08 03:46:48,993.84912,993.94851,6
2024-01-08 03:46:54,993.86155,993.96094,4
2024-01-08 03:47:00,993.84356,993.94295,3
2024-01-08 03:47:06,993.82488,993.92427,4
2024-01-08 03:47:12,993.8384,993.93779,7
2024-01-08 03:47:18,993.84379,993.94318,3
2024-01-08 03:47:24,993.83729,993.93668,4
2024-01-08 03:47:30,993.86097,993.96037,9
2024-01-08 03:47:36,993.78985,993.88924,9
2024-01-08 03:47:42,993.8968,993.99619,6
2024-01-08 03:47:48,993.85572,993.95511,3
2024-01-08 03:47:54,993.79962,993.89901,8
2024-01-08 03:48:00,993.87519,993.97458,2
2024-01-08 03:48:06,993.78177,993.88116,9
2024-01-08 03:48:12,993.93069,994.03008,2
2024-01-08 03:48:18,993.77804,993.87742,3
2024-01-08 03:48:24,993.89125,993.99064,2
2024-01-08 03:48:30,993.8691,993.96849,4
2024-01-08 03:48:36,993.82274,993.92213,9
2024-01-08 03:48:42,993.86892,993.96831,5
2024-01-08 03:48:48,993.85608,993.95547,5
2024-01-08 03:48:54,993.85787,993.95726,4
2024-01-08 03:49:00,993.83326,993.93265,2
2024-01-08 03:49:06,993.83712,993.93651,8
2024-01-08 03:49:12,993.72887,993.82825,5
2024-01-08 03:49:18,993.83133,993.93072,7
2024-01-08 03:49:24,993.82636,993.92575,6
2024-01-08 03:49:30,993.87645,993.97584,8
2024-01-08 03:49:36,993.815,993.91439,2
2024-01-08 03:49:42,993.79772,993.89711,6
2024-01-08 03:49:48,993.84734,993.94673,1
2024-01-08 03:49:54,993.89497,993.99437,9
2024-01-08 03:50:00,993.86067,993.96006,8
2024-01-08 03:50:06,993.96113,994.06053,1
2024-01-08 03:50:12,993.93642,994.03581,6
2024-01-08 03:50:18,993.82942,993.92881,3
2024-01-08 03:50:24,993.83555,993.93494,9
2024-01-08 03:50:30,993.94052,994.03992,4
2024-01-08 03:50:36,993.87003,993.96943,1
2024-01-08 03:50:42,993.72428,993.82366,6
2024-01-08 03:50:48,993.89741,993.9968,2
2024-01-08 03:50:54,993.91252,994.01192,5
2024-01-08 03:51:00,993.86434,993.96373,8
2024-01-08 03:51:06,993.77352,993.8729,4
2024-01-08 03:51:12,993.85746,993.95685,9
2024-01-08 03:51:18,993.8234,993.92279,4
2024-01-08 03:51:24,993.8166,993.91599,5
2024-01-08 03:51:30,993.80528,993.90467,5
2024-01-08 03:51:36,993.88623,993.98563,4
2024-01-08 03:51:42,993.8808,993.98019,4
2024-01-08 03:51:48,993.88454,993.98394,3
2024-01-08 03:51:54,993.84561,993.945,6
2024-01-08 03:52:00,993.91286,994.01226,1
2024-01-08 03:52:06,993.83892,993.93831,5
2024-01-08 03:52:12,993.82896,993.92835,8
2024-01-08 03:52:18,993.89014,993.98953,9
2024-01-08 03:52:24,993.96742,994.06682,3
2024-01-08 03:52:30,993.86429,993.96368,5
2024-01-08 03:52:36,993.84502,993.94441,6
2024-01-08 03:52:42,993.70727,993.80665,9
2024-01-08 03:52:48,993.8288,993.92818,9
2024-01-08 03:52:54,993.80539,993.90477,1
2024-01-08 03:53:00,993.86788,993.96727,7
2024-01-08 03:53:06,993.80013,993.89951,2
2024-01-08 03:53:12,993.75309,993.85247,1
2024-01-08 03:53:18,993.92058,994.01998,4
2024-01-08 03:53:24,993.8435,993.94289,4
2024-01-08 03:53:30,993.84676,993.94615,8
2024-01-08 03:53:36,993.92525,994.02465,7
2024-01-08 03:53:42,993.79789,993.89728,8
2024-01-08 03:53:48,993.81809,993.91748,3
2024-01-08 03:53:54,993.80718,993.90657,7
2024-01-08 03:54:00,993.83153,993.93092,6
2024-01-08 03:54:06,993.84137,993.94076,7
2024-01-08 03:54:12,993.88979,993.98918,9
2024-01-08 03:54:18,993.76715,993.86653,8
2024-01-08 03:54:24,993.94487,994.04427,3
2024-01-08 03:54:30,993.69541,993.79478,3
2024-01-08 03:54:36,993.95341,994.05281,1
2024-01-08 03:54:42,993.83541,993.9348,9
2024-01-08 03:54:48,993.77027,993.86965,7
2024-01-08 03:54:54,993.87981,993.9792,3
2024-01-08 03:55:00,993.89913,993.99853,8
2024-01-08 03:55:06,993.8999,993.9993,5
2024-01-08 03:55:12,993.84081,993.9402,2
2024-01-08 03:55:18,993.874,993.97339,5
2024-01-08 03:55:24,993.90291,994.0023,2
2024-01-08 03:55:30,993.85904,993.95843,5
2024-01-08 03:55:36,993.83352,993.93291,6
2024-01-08 03:55:42,993.88986,993.98925,1
2024-01-08 03:55:48,993.7359,993.83528,6
2024-01-08 03:55:54,993.82904,993.92843,4
2024-01-08 03:56:00,993.84291,993.9423,3
2024-01-08 03:56:06,993.82504,993.92442,4
2024-01-08 03:56:12,993.8245,993.92389,8
2024-01-08 03:56:18,993.88652,993.98591,6
2024-01-08 03:56:24,993.89086,993.99026,5
2024-01-08 03:56:30,993.89578,993.99518,6
2024-01-08 03:56:36,993.81143,993.91081,2
2024-01-08 03:56:42,993.86474,993.96413,2
2024-01-08 03:56:48,993.83664,993.93603,5
2024-01-08 03:56:54,993.85328,993.95267,8
2024-01-08 03:57:00,993.86278,993.96217,9
2024-01-08 03:57:06,993.87644,993.97583,8
2024-01-08 03:57:12,993.89037,993.98976,4
2024-01-08 03:57:18,993.83075,993.93014,8
2024-01-08 03:57:24,993.88442,993.98381,8
2024-01-08 03:57:30,993.82558,993.92496,3
2024-01-08 03:57:36,993.84224,993.94163,5
2024-01-08 03:57:42,993.83297,993.93236,2
2024-01-08 03:57:48,993.86262,993.96202,6
2024-01-08 03:57:54,993.84544,993.94483,6
2024-01-08 03:58:00,993.87455,993.97394,5
2024-01-08 03:58:06,993.8446,993.94399,7
2024-01-08 03:58:12,993.8504,993.94979,9
2024-01-08 03:58:18,993.80985,993.90924,5
2024-01-08 03:58:24,993.78578,993.88516,6
2024-01-08 03:58:30,993.85746,993.95685,4
2024-01-08 03:58:36,993.76812,993.8675,2
2024-01-08 03:58:42,993.80566,993.90505,2
2024-01-08 03:58:48,993.91655,994.01595,2
2024-01-08 03:58:54,993.90977,994.00917,9
2024-01-08 03:59:00,993.82895,993.92834,7
2024-01-08 03:59:06,993.87972,993.97912,9
2024-01-08 03:59:12,993.80707,993.90645,5
