DateTime,Bid,Ask,Volume
2024-01-08 00:00:00,946.65738,946.75205,2
2024-01-08 00:00:06,946.61848,946.71315,5
2024-01-08 00:00:12,946.58767,946.68234,4
2024-01-08 00:00:18,946.6002,946.69486,3
2024-01-08 00:00:24,946.68782,946.78249,4
2024-01-08 00:00:30,946.59346,946.68813,3
2024-01-08 00:00:36,946.62956,946.72422,1
2024-01-08 00:00:42,946.67328,946.76795,5
2024-01-08 00:00:48,946.64222,946.73689,1
2024-01-08 00:00:54,946.65773,946.7524,6
2024-01-08 00:01:00,946.6395,946.73417,5
2024-01-08 00:01:06,946.641,946.73567,9
2024-01-08 00:01:12,946.59882,946.69348,6
2024-01-08 00:01:18,946.63446,946.72913,1
2024-01-08 00:01:24,946.62497,946.71964,4
2024-01-08 00:01:30,946.61221,946.70688,5
2024-01-08 00:01:36,946.61967,946.71434,5
2024-01-08 00:01:42,946.66822,946.76289,2
2024-01-08 00:01:48,946.69815,946.79282,7
2024-01-08 00:01:54,946.70856,946.80324,9
2024-01-08 00:02:00,946.7125,946.80718,8
2024-01-08 00:02:06,946.69553,946.79021,3
2024-01-08 00:02:12,946.64831,946.74298,1
2024-01-08 00:02:18,946.59436,946.68902,5
2024-01-08 00:02:24,946.55697,946.65163,3
2024-01-08 00:02:30,946.67634,946.77101,5
2024-01-08 00:02:36,946.69564,946.79032,6
2024-01-08 00:02:42,946.66339,946.75806,2
2024-01-08 00:02:48,946.71973,946.81441,1
2024-01-08 00:02:54,946.67348,946.76815,6
2024-01-08 00:03:00,946.67432,946.76899,4
2024-01-08 00:03:06,946.68236,946.77703,7
2024-01-08 00:03:12,946.60531,946.69997,8
2024-01-08 00:03:18,946.67475,946.76942,7
2024-01-08 00:03:24,946.61154,946.7062,9
2024-01-08 00:03:30,946.6446,946.73927,2
2024-01-08 00:03:36,946.60431,946.69898,7
2024-01-08 00:03:42,946.64177,946.73644,6
2024-01-08 00:03:48,946.59011,946.68478,4
2024-01-08 00:03:54,946.65951,946.75418,2
2024-01-08 00:04:00,946.65165,946.74632,4
2024-01-08 00:04:06,946.63011,946.72478,2
2024-01-08 00:04:12,946.69849,946.79317,2
2024-01-08 00:04:18,946.71749,946.81217,6
2024-01-08 00:04:24,946.64087,946.73554,8
2024-01-08 00:04:30,946.74059,946.83526,7
2024-01-08 00:04:36,946.65951,946.75418,7
2024-01-08 00:04:42,946.6479,946.74256,8
2024-01-08 00:04:48,946.66519,946.75986,6
2024-01-08 00:04:54,946.62214,946.71681,3
2024-01-08 00:05:00,946.60138,946.69604,5
2024-01-08 00:05:06,946.5769,946.67156,7
2024-01-08 00:05:12,946.63192,946.72659,4
2024-01-08 00:05:18,946.56727,946.66193,1
2024-01-08 00:05:24,946.68618,946.78085,7
2024-01-08 00:05:30,946.60353,946.6982,7
2024-01-08 00:05:36,946.71763,946.81231,3
2024-01-08 00:05:42,946.58468,946.67935,6
2024-01-08 00:05:48,946.56589,946.66055,6
2024-01-08 00:05:54,946.61959,946.71426,8
2024-01-08 00:06:00,946.67598,946.77065,4
2024-01-08 00:06:06,946.66321,946.75788,4
2024-01-08 00:06:12,946.59185,946.68651,3
2024-01-08 00:06:18,946.68877,946.78344,3
2024-01-08 00:06:24,946.68056,946.77524,1
2024-01-08 00:06:30,946.66529,946.75996,3
2024-01-08 00:06:36,946.58017,946.67483,9
2024-01-08 00:06:42,946.6655,946.76017,3
2024-01-08 00:06:48,946.65647,946.75114,2
2024-01-08 00:06:54,946.57687,946.67153,2
2024-01-08 00:07:00,946.56971,946.66437,5
2024-01-08 00:07:06,946.67147,946.76614,2
2024-01-08 00:07:12,946.66501,946.75968,7
2024-01-08 00:07:18,946.6707,946.76537,3
2024-01-08 00:07:24,946.73171,946.82639,2
2024-01-08 00:07:30,946.66934,946.76402,2
2024-01-08 00:07:36,946.669,946.76367,5
2024-01-08 00:07:42,946.68156,946.77623,1
2024-01-08 00:07:48,946.58014,946.6748,1
2024-01-08 00:07:54,946.60803,946.7027,2
2024-01-08 00:08:00,946.67143,946.7661,1
2024-01-08 00:08:06,946.62063,946.71529,7
2024-01-08 00:08:12,946.68558,946.78026,1
2024-01-08 00:08:18,946.7069,946.80157,8
2024-01-08 00:08:24,946.71612,946.8108,6
2024-01-08 00:08:30,946.70717,946.80184,2
2024-01-08 00:08:36,946.58376,946.67842,7
2024-01-08 00:08:42,946.57311,946.66777,3
2024-01-08 00:08:48,946.74233,946.83701,8
2024-01-08 00:08:54,946.57002,946.66468,2
2024-01-08 00:09:00,946.68183,946.77651,6
2024-01-08 00:09:06,946.64718,946.74185,9
2024-01-08 00:09:12,946.57652,946.67118,4
2024-01-08 00:09:18,946.61926,946.71393,8
2024-01-08 00:09:24,946.63411,946.72878,6
2024-01-08 00:09:30,946.65522,946.74989,9
2024-01-08 00:09:36,946.70169,946.79637,2
2024-01-08 00:09:42,946.65707,946.75174,1
2024-01-08 00:09:48,946.58655,946.68121,3
2024-01-08 00:09:54,946.55252,946.64718,8
2024-01-08 00:10:00,946.6064,946.70106,7
2024-01-08 00:10:06,946.58487,946.67953,1
2024-01-08 00:10:12,946.61127,946.70593,4
2024-01-08 00:10:18,946.53265,946.62731,3
2024-01-08 00:10:24,946.63883,946.7335,5
2024-01-08 00:10:30,946.65384,946.74851,2
2024-01-08 00:10:36,946.59768,946.69235,8
2024-01-08 00:10:42,946.68589,946.78057,9
2024-01-08 00:10:48,946.66583,946.76051,6
2024-01-08 00:10:54,946.65898,946.75366,5
2024-01-08 00:11:00,946.64889,946.74356,5
2024-01-08 00:11:06,946.61711,946.71177,1
2024-01-08 00:11:12,946.63062,946.72528,7
2024-01-08 00:11:18,946.65579,946.75046,6
2024-01-08 00:11:24,946.66565,946.76032,8
2024-01-08 00:11:30,946.59304,946.68771,4
2024-01-08 00:11:36,946.60387,946.69854,3
2024-01-08 00:11:42,946.60533,946.7,3
2024-01-08 00:11:48,946.75303,946.84771,7
2024-01-08 00:11:54,946.67772,946.7724,9
2024-01-08 00:12:00,946.6959,946.79057,6
2024-01-08 00:12:06,946.63989,946.73455,9
2024-01-08 00:12:12,946.64024,946.73491,9
2024-01-08 00:12:18,946.68147,946.77614,9
2024-01-08 00:12:24,946.60751,946.70217,9
2024-01-08 00:12:30,946.67792,946.77259,1
2024-01-08 00:12:36,946.6861,946.78077,6
2024-01-08 00:12:42,946.61247,946.70714,2
2024-01-08 00:12:48,946.74047,946.83515,3
2024-01-08 00:12:54,946.63253,946.7272,9
2024-01-08 00:13:00,946.61261,946.70728,4
2024-01-08 00:13:06,946.57794,946.6726,4
2024-01-08 00:13:12,946.6022,946.69687,4
2024-01-08 00:13:18,946.61851,946.71318,5
2024-01-08 00:13:24,946.61164,946.70631,6
2024-01-08 00:13:30,946.66065,946.75532,3
2024-01-08 00:13:36,946.56582,946.66048,9
2024-01-08 00:13:42,946.61581,946.71047,3
2024-01-08 00:13:48,946.59565,946.69032,8
2024-01-08 00:13:54,946.58776,946.68243,3
2024-01-08 00:14:00,946.61201,946.70668,8
2024-01-08 00:14:06,946.70069,946.79537,6
2024-01-08 00:14:12,946.58083,946.6755,5
2024-01-08 00:14:18,946.63633,946.731,5
2024-01-08 00:14:24,946.64962,946.74429,6
2024-01-08 00:14:30,946.67083,946.7655,6
2024-01-08 00:14:36,946.55831,946.65297,9
2024-01-08 00:14:42,946.66005,946.75472,4
2024-01-08 00:14:48,946.62335,946.71802,7
2024-01-08 00:14:54,946.66754,946.76221,3
2024-01-08 00:15:00,946.58691,946.68157,6
2024-01-08 00:15:06,946.68014,946.77481,5
2024-01-08 00:15:12,946.64609,946.74076,8
2024-01-08 00:15:18,946.62911,946.72378,4
2024-01-08 00:15:24,946.66567,946.76034,6
2024-01-08 00:15:30,946.61824,946.71291,1
2024-01-08 00:15:36,946.59068,946.68534,3
2024-01-08 00:15:42,946.66253,946.7572,7
2024-01-08 00:15:48,946.5965,946.69116,3
2024-01-08 00:15:54,946.62078,946.71545,2
2024-01-08 00:16:00,946.54569,946.64035,7
2024-01-08 00:16:06,946.64352,946.73818,2
2024-01-08 00:16:12,946.59141,946.68607,3
2024-01-08 00:16:18,946.61735,946.71201,4
2024-01-08 00:16:24,946.60232,946.69698,8
2024-01-08 00:16:30,946.61508,946.70974,7
2024-01-08 00:16:36,946.65627,946.75094,3
2024-01-08 00:16:42,946.65017,946.74484,8
2024-01-08 00:16:48,946.65919,946.75386,2
2024-01-08 00:16:54,946.57843,946.67309,6
2024-01-08 00:17:00,946.63261,946.72727,8
2024-01-08 00:17:06,946.64407,946.73874,6
2024-01-08 00:17:12,946.56586,946.66052,3
2024-01-08 00:17:18,946.63137,946.72604,8
2024-01-08 00:17:24,946.70084,946.79551,6
2024-01-08 00:17:30,946.68361,946.77828,8
2024-01-08 00:17:36,946.61351,946.70818,4
2024-01-08 00:17:42,946.62661,946.72128,3
2024-01-08 00:17:48,946.57355,946.66821,5
2024-01-08 00:17:54,946.6018,946.69647,1
2024-01-08 00:18:00,946.61645,946.71111,6
2024-01-08 00:18:06,946.61078,946.70544,5
2024-01-08 00:18:12,946.68077,946.77544,2
2024-01-08 00:18:18,946.64883,946.74349,9
2024-01-08 00:18:24,946.64735,946.74201,2
2024-01-08 00:18:30,946.61063,946.7053,2
2024-01-08 00:18:36,946.6108,946.70546,7
2024-01-08 00:18:42,946.63594,946.73061,4
2024-01-08 00:18:48,946.64457,946.73924,6
2024-01-08 00:18:54,946.59445,946.68911,6
2024-01-08 00:19:00,946.61705,946.71172,8
2024-01-08 00:19:06,946.67342,946.76809,1
2024-01-08 00:19:12,946.6201,946.71476,1
2024-01-08 00:19:18,946.56524,946.6599,7
2024-01-08 00:19:24,946.63042,946.72509,4
2024-01-08 00:19:30,946.58831,946.68297,7
2024-01-08 00:19:36,946.62265,946.71732,8
2024-01-08 00:19:42,946.60754,946.70221,1
2024-01-08 00:19:48,946.58495,946.67962,9
2024-01-08 00:19:54,946.69678,946.79145,3
2024-01-08 00:20:00,946.67227,946.76695,5
2024-01-08 00:20:06,946.55508,946.64974,5
2024-01-08 00:20:12,946.62266,946.71732,2
2024-01-08 00:20:18,946.69502,946.7897,9
2024-01-08 00:20:24,946.57522,946.66988,8
2024-01-08 00:20:30,946.68609,946.78076,5
2024-01-08 00:20:36,946.64957,946.74424,6
2024-01-08 00:20:42,946.6545,946.74917,5
2024-01-08 00:20:48,946.6157,946.71037,2
2024-01-08 00:20:54,946.74023,946.8349,4
2024-01-08 00:21:00,946.66111,946.75578,5
2024-01-08 00:21:06,946.62772,946.72239,9
2024-01-08 00:21:12,946.64855,946.74322,2
2024-01-08 00:21:18,946.68636,946.78103,9
2024-01-08 00:21:24,946.58505,946.67971,7
2024-01-08 00:21:30,946.65324,946.74791,1
2024-01-08 00:21:36,946.62182,946.71649,2
2024-01-08 00:21:42,946.61171,946.70637,3
2024-01-08 00:21:48,946.69039,946.78507,8
2024-01-08 00:21:54,946.61615,946.71082,1
2024-01-08 00:22:00,946.64889,946.74356,7
2024-01-08 00:22:06,946.52445,946.61911,7
2024-01-08 00:22:12,946.62053,946.7152,8
2024-01-08 00:22:18,946.58009,946.67475,3
2024-01-08 00:22:24,946.69007,946.78475,3
2024-01-08 00:22:30,946.66471,946.75938,1
2024-01-08 00:22:36,946.66706,946.76173,5
2024-01-08 00:22:42,946.59876,946.69342,5
2024-01-08 00:22:48,946.62326,946.71793,4
2024-01-08 00:22:54,946.55613,946.65079,3
2024-01-08 00:23:00,946.68726,946.78193,5
2024-01-08 00:23:06,946.58572,946.68038,9
2024-01-08 00:23:12,946.57748,946.67214,7
2024-01-08 00:23:18,946.56175,946.65641,1
2024-01-08 00:23:24,946.60363,946.69829,7
2024-01-08 00:23:30,946.69577,946.79044,1
2024-01-08 00:23:36,946.62761,946.72228,3
2024-01-08 00:23:42,946.58645,946.68111,9
2024-01-08 00:23:48,946.6535,946.74817,3
2024-01-08 00:23:54,946.61229,946.70696,6
2024-01-08 00:24:00,946.6607,946.75537,2
2024-01-08 00:24:06,946.51646,946.61112,7
2024-01-08 00:24:12,946.69401,946.78868,4
2024-01-08 00:24:18,946.65869,946.75336,5
2024-01-08 00:24:24,946.54438,946.63904,6
2024-01-08 00:24:30,946.66206,946.75673,7
2024-01-08 00:24:36,946.66787,946.76254,1
2024-01-08 00:24:42,946.6152,946.70986,6
2024-01-08 00:24:48,946.67924,946.77392,9
2024-01-08 00:24:54,946.66518,946.75985,1
2024-01-08 00:25:00,946.59222,946.68689,8
2024-01-08 00:25:06,946.62754,946.7222,2
2024-01-08 00:25:12,946.51574,946.6104,6
2024-01-08 00:25:18,946.64217,946.73684,1
2024-01-08 00:25:24,946.62864,946.72331,1
2024-01-08 00:25:30,946.57628,946.67094,1
2024-01-08 00:25:36,946.60288,946.69754,9
2024-01-08 00:25:42,946.59206,946.68672,4
2024-01-08 00:25:48,946.64774,946.74241,7
2024-01-08 00:25:54,946.64385,946.73852,2
2024-01-08 00:26:00,946.71231,946.80699,1
2024-01-08 00:26:06,946.63361,946.72828,3
2024-01-08 00:26:12,946.60948,946.70414,7
2024-01-08 00:26:18,946.56861,946.66327,4
2024-01-08 00:26:24,946.63889,946.73356,8
2024-01-08 00:26:30,946.66196,946.75663,3
2024-01-08 00:26:36,946.55073,946.64539,8
2024-01-08 00:26:42,946.60333,946.698,2
2024-01-08 00:26:48,946.64185,946.73652,3
2024-01-08 00:26:54,946.58555,946.68021,3
2024-01-08 00:27:00,946.66496,946.75963,5
2024-01-08 00:27:06,946.64472,946.73939,7
2024-01-08 00:27:12,946.68363,946.7783,9
2024-01-08 00:27:18,946.63057,946.72524,1
2024-01-08 00:27:24,946.56081,946.65547,2
2024-01-08 00:27:30,946.64107,946.73573,4
2024-01-08 00:27:36,946.64881,946.74348,2
2024-01-08 00:27:42,946.59287,946.68754,5
2024-01-08 00:27:48,946.63062,946.72529,2
2024-01-08 00:27:54,946.64584,946.74051,1
2024-01-08 00:28:00,946.65545,946.75012,4
2024-01-08 00:28:06,946.59622,946.69088,8
2024-01-08 00:28:12,946.53402,946.62868,2
2024-01-08 00:28:18,946.61328,946.70795,4
2024-01-08 00:28:24,946.56603,946.66069,9
2024-01-08 00:28:30,946.62031,946.71498,9
2024-01-08 00:28:36,946.60692,946.70159,7
2024-01-08 00:28:42,946.62854,946.72321,2
2024-01-08 00:28:48,946.63329,946.72796,4
2024-01-08 00:28:54,946.62452,946.71919,3
2024-01-08 00:29:00,946.63872,946.73339,9
2024-01-08 00:29:06,946.67433,946.76901,9
2024-01-08 00:29:12,946.63255,946.72722,9
2024-01-08 00:29:18,946.60685,946.70151,9
2024-01-08 00:29:24,946.63297,946.72764,7
2024-01-08 00:29:30,946.58266,946.67733,8
2024-01-08 00:29:36,946.50096,946.59561,2
2024-01-08 00:29:42,946.50722,946.60187,6
2024-01-08 00:29:48,946.56821,946.66287,5
2024-01-08 00:29:54,946.62277,946.71744,5
2024-01-08 00:30:00,946.69212,946.7868,5
2024-01-08 00:30:06,946.57494,946.6696,6
2024-01-08 00:30:12,946.55528,946.64994,6
2024-01-08 00:30:18,946.55705,946.65171,2
2024-01-08 00:30:24,946.63577,946.73044,7
2024-01-08 00:30:30,946.69263,946.7873,1
2024-01-08 00:30:36,946.61056,946.70522,2
2024-01-08 00:30:42,946.56506,946.65973,5
2024-01-08 00:30:48,946.65202,946.74669,6
2024-01-08 00:30:54,946.60179,946.69645,3
2024-01-08 00:31:00,946.66354,946.75821,5
2024-01-08 00:31:06,946.56193,946.65659,9
2024-01-08 00:31:12,946.65861,946.75328,1
2024-01-08 00:31:18,946.53622,946.63088,9
2024-01-08 00:31:24,946.68189,946.77656,7
2024-01-08 00:31:30,946.66825,946.76292,7
2024-01-08 00:31:36,946.62236,946.71702,9
2024-01-08 00:31:42,946.61326,946.70793,2
2024-01-08 00:31:48,946.64466,946.73933,8
2024-01-08 00:31:54,946.62591,946.72057,2
2024-01-08 00:32:00,946.6487,946.74337,8
2024-01-08 00:32:06,946.553,946.64766,8
2024-01-08 00:32:12,946.56786,946.66252,3
2024-01-08 00:32:18,946.53067,946.62533,9
2024-01-08 00:32:24,946.65171,946.74638,1
2024-01-08 00:32:30,946.67495,946.76962,3
2024-01-08 00:32:36,946.58757,946.68223,2
2024-01-08 00:32:42,946.57007,946.66473,6
2024-01-08 00:32:48,946.60814,946.7028,6
2024-01-08 00:32:54,946.68847,946.78314,1
2024-01-08 00:33:00,946.70338,946.79806,2
2024-01-08 00:33:06,946.71559,946.81026,1
2024-01-08 00:33:12,946.61309,946.70776,5
2024-01-08 00:33:18,946.62071,946.71537,8
2024-01-08 00:33:24,946.69357,946.78824,1
2024-01-08 00:33:30,946.63282,946.72749,5
2024-01-08 00:33:36,946.60765,946.70232,7
2024-01-08 00:33:42,946.59941,946.69408,2
2024-01-08 00:33:48,946.52636,946.62102,2
2024-01-08 00:33:54,946.69117,946.78585,4
2024-01-08 00:34:00,946.59088,946.68554,3
2024-01-08 00:34:06,946.62162,946.71629,5
2024-01-08 00:34:12,946.62085,946.71551,3
2024-01-08 00:34:18,946.68277,946.77744,4
2024-01-08 00:34:24,946.65132,946.74599,3
2024-01-08 00:34:30,946.66729,946.76196,6
2024-01-08 00:34:36,946.60246,946.69712,9
2024-01-08 00:34:42,946.69831,946.79298,1
2024-01-08 00:34:48,946.5962,946.69086,5
2024-01-08 00:34:54,946.66259,946.75726,9
2024-01-08 00:35:00,946.56174,946.65641,3
2024-01-08 00:35:06,946.62462,946.71928,2
2024-01-08 00:35:12,946.68399,946.77866,2
2024-01-08 00:35:18,946.64194,946.7366,1
2024-01-08 00:35:24,946.66668,946.76135,9
2024-01-08 00:35:30,946.69976,946.79443,7
2024-01-08 00:35:36,946.6432,946.73786,9
2024-01-08 00:35:42,946.57797,946.67263,2
2024-01-08 00:35:48,946.58467,946.67934,7
2024-01-08 00:35:54,946.61422,946.70889,1
2024-01-08 00:36:00,946.59202,946.68669,2
2024-01-08 00:36:06,946.62425,946.71892,4
2024-01-08 00:36:12,946.57462,946.66928,7
2024-01-08 00:36:18,946.65032,946.74499,6
2024-01-08 00:36:24,946.55279,946.64745,1
2024-01-08 00:36:30,946.65323,946.7479,8
2024-01-08 00:36:36,946.69334,946.78802,6
2024-01-08 00:36:42,946.6236,946.71827,6
2024-01-08 00:36:48,946.6451,946.73977,4
2024-01-08 00:36:54,946.61498,946.70965,5
2024-01-08 00:37:00,946.49863,946.59329,7
2024-01-08 00:37:06,946.66472,946.75939,2
2024-01-08 00:37:12,946.62568,946.72035,9
2024-01-08 00:37:18,946.58591,946.68057,1
2024-01-08 00:37:24,946.63017,946.72483,1
2024-01-08 00:37:30,946.58639,946.68105,7
2024-01-08 00:37:36,946.61794,946.71261,5
2024-01-08 00:37:42,946.563,946.65766,2
2024-01-08 00:37:48,946.61007,946.70473,6
2024-01-08 00:37:54,946.60438,946.69905,9
2024-01-08 00:38:00,946.61857,946.71324,7
2024-01-08 00:38:06,946.65284,946.74751,3
2024-01-08 00:38:12,946.68753,946.7822,2
2024-01-08 00:38:18,946.66663,946.7613,4
2024-01-08 00:38:24,946.60943,946.70409,1
2024-01-08 00:38:30,946.62614,946.72081,5
2024-01-08 00:38:36,946.5973,946.69196,6
2024-01-08 00:38:42,946.64064,946.73531,5
2024-01-08 00:38:48,946.65679,946.75146,5
2024-01-08 00:38:54,946.59989,946.69455,6
2024-01-08 00:39:00,946.60273,946.69739,9
2024-01-08 00:39:06,946.60051,946.69517,8
2024-01-08 00:39:12,946.63949,946.73416,4
2024-01-08 00:39:18,946.65715,946.75182,8
2024-01-08 00:39:24,946.58709,946.68175,4
2024-01-08 00:39:30,946.49371,946.58837,3
2024-01-08 00:39:36,946.65021,946.74488,2
2024-01-08 00:39:42,946.60389,946.69856,9
2024-01-08 00:39:48,946.65006,946.74473,3
2024-01-08 00:39:54,946.64446,946.73913,4
2024-01-08 00:40:00,946.577,946.67166,2
2024-01-08 00:40:06,946.5522,946.64686,2
2024-01-08 00:40:12,946.62319,946.71786,6
2024-01-08 00:40:18,946.68213,946.7768,2
2024-01-08 00:40:24,946.57178,946.66644,4
2024-01-08 00:40:30,946.59791,946.69257,7
2024-01-08 00:40:36,946.52088,946.61553,3
2024-01-08 00:40:42,946.69152,946.78619,6
2024-01-08 00:40:48,946.62537,946.72003,6
2024-01-08 00:40:54,946.60113,946.6958,4
2024-01-08 00:41:00,946.59061,946.68527,2
2024-01-08 00:41:06,946.5639,946.65856,6
2024-01-08 00:41:12,946.60329,946.69796,9
2024-01-08 00:41:18,946.61525,946.70992,4
2024-01-08 00:41:24,946.59382,946.68849,9
2024-01-08 00:41:30,946.55436,946.64902,4
2024-01-08 00:41:36,946.65969,946.75437,1
2024-01-08 00:41:42,946.51491,946.60956,6
2024-01-08 00:41:48,946.5597,946.65436,1
2024-01-08 00:41:54,946.67198,946.76665,2
2024-01-08 00:42:00,946.70311,946.79779,6
2024-01-08 00:42:06,946.63968,946.73435,4
2024-01-08 00:42:12,946.66104,946.75571,6
2024-01-08 00:42:18,946.56512,946.65978,2
2024-01-08 00:42:24,946.62621,946.72088,3
2024-01-08 00:42:30,946.548,946.64266,2
2024-01-08 00:42:36,946.52944,946.6241,4
2024-01-08 00:42:42,946.64208,946.73675,5
2024-01-08 00:42:48,946.55482,946.64948,4
2024-01-08 00:42:54,946.66667,946.76134,5
2024-01-08 00:43:00,946.60129,946.69596,2
2024-01-08 00:43:06,946.63913,946.7338,5
2024-01-08 00:43:12,946.74401,946.83869,3
2024-01-08 00:43:18,946.56724,946.6619,2
2024-01-08 00:43:24,946.54843,946.64309,9
2024-01-08 00:43:30,946.63592,946.73059,4
2024-01-08 00:43:36,946.60338,946.69804,1
2024-01-08 00:43:42,946.63764,946.73231,2
2024-01-08 00:43:48,946.59933,946.69399,2
2024-01-08 00:43:54,946.65373,946.7484,4
2024-01-08 00:44:00,946.59264,946.68731,9
2024-01-08 00:44:06,946.6228,946.71747,4
2024-01-08 00:44:12,946.6582,946.75287,3
2024-01-08 00:44:18,946.57542,946.67008,3
2024-01-08 00:44:24,946.55833,946.65299,7
2024-01-08 00:44:30,946.65727,946.75194,7
2024-01-08 00:44:36,946.63829,946.73295,2
2024-01-08 00:44:42,946.61495,946.70961,9
2024-01-08 00:44:48,946.62366,946.71832,2
2024-01-08 00:44:54,946.57876,946.67342,1
2024-01-08 00:45:00,946.59976,946.69443,4
2024-01-08 00:45:06,946.60954,946.7042,9
2024-01-08 00:45:12,946.63566,946.73033,2
2024-01-08 00:45:18,946.5699,946.66456,3
2024-01-08 00:45:24,946.66304,946.75771,6
2024-01-08 00:45:30,946.56662,946.66128,8
2024-01-08 00:45:36,946.59521,946.68987,1
2024-01-08 00:45:42,946.64731,946.74198,6
2024-01-08 00:45:48,946.55324,946.6479,4
2024-01-08 00:45:54,946.59741,946.69208,7
2024-01-08 00:46:00,946.56848,946.66315,5
2024-01-08 00:46:06,946.56511,946.65977,6
2024-01-08 00:46:12,946.55266,946.64732,3
2024-01-08 00:46:18,946.60382,946.69848,7
2024-01-08 00:46:24,946.56496,946.65962,5
2024-01-08 00:46:30,946.66692,946.76159,8
2024-01-08 00:46:36,946.63037,946.72504,5
2024-01-08 00:46:42,946.57699,946.67165,3
2024-01-08 00:46:48,946.67246,946.76713,7
2024-01-08 00:46:54,946.56852,946.66319,8
2024-01-08 00:47:00,946.69452,946.78919,2
2024-01-08 00:47:06,946.5902,946.68487,4
2024-01-08 00:47:12,946.68501,946.77969,9
2024-01-08 00:47:18,946.67696,946.77164,3
2024-01-08 00:47:24,946.57504,946.66971,9
2024-01-08 00:47:30,946.64949,946.74416,2
2024-01-08 00:47:36,946.62446,946.71913,8
2024-01-08 00:47:42,946.58324,946.6779,6
2024-01-08 00:47:48,946.55537,946.65003,3
2024-01-08 00:47:54,946.66745,946.76212,4
2024-01-08 00:48:00,946.59869,946.69336,3
2024-01-08 00:48:06,946.58437,946.67904,8
2024-01-08 00:48:12,946.5878,946.68246,7
2024-01-08 00:48:18,946.63081,946.72548,4
2024-01-08 00:48:24,946.61786,946.71252,7
2024-01-08 00:48:30,946.64437,946.73904,3
2024-01-08 00:48:36,946.59269,946.68736,2
2024-01-08 00:48:42,946.56038,946.65504,3
2024-01-08 00:48:48,946.58242,946.67708,9
2024-01-08 00:48:54,946.57545,946.67011,7
2024-01-08 00:49:00,946.61947,946.71413,1
2024-01-08 00:49:06,946.66952,946.76419,5
2024-01-08 00:49:12,946.57542,946.67009,1
2024-01-08 00:49:18,946.65601,946.75068,1
2024-01-08 00:49:24,946.6024,946.69706,1
2024-01-08 00:49:30,946.64416,946.73883,4
2024-01-08 00:49:36,946.72443,946.8191,9
2024-01-08 00:49:42,946.57719,946.67186,9
2024-01-08 00:49:48,946.6202,946.71486,3
2024-01-08 00:49:54,946.66927,946.76394,5
2024-01-08 00:50:00,946.54816,946.64282,8
2024-01-08 00:50:06,946.65062,946.74529,1
2024-01-08 00:50:12,946.622,946.71667,8
2024-01-08 00:50:18,946.50637,946.60102,1
2024-01-08 00:50:24,946.51241,946.60706,7
2024-01-08 00:50:30,946.65257,946.74724,9
2024-01-08 00:50:36,946.57405,946.66871,4
2024-01-08 00:50:42,946.52245,946.6171,9
2024-01-08 00:50:48,946.64765,946.74232,8
2024-01-08 00:50:54,946.64743,946.7421,5
2024-01-08 00:51:00,946.64498,946.73964,8
2024-01-08 00:51:06,946.64112,946.73579,3
2024-01-08 00:51:12,946.58768,946.68235,8
2024-01-08 00:51:18,946.62527,946.71993,4
2024-01-08 00:51:24,946.62026,946.71493,3
2024-01-08 00:51:30,946.57559,946.67025,1
2024-01-08 00:51:36,946.55727,946.65193,9
2024-01-08 00:51:42,946.53367,946.62833,3
2024-01-08 00:51:48,946.52563,946.62029,9
2024-01-08 00:51:54,946.53989,946.63455,8
2024-01-08 00:52:00,946.56334,946.658,3
2024-01-08 00:52:06,946.61307,946.70774,1
2024-01-08 00:52:12,946.58703,946.6817,1
2024-01-08 00:52:18,946.56926,946.66392,7
2024-01-08 00:52:24,946.66253,946.75721,5
2024-01-08 00:52:30,946.57253,946.66719,6
2024-01-08 00:52:36,946.47416,946.56881,1
2024-01-08 00:52:42,946.62863,946.7233,8
2024-01-08 00:52:48,946.58116,946.67582,2
2024-01-08 00:52:54,946.5141,946.60876,5
2024-01-08 00:53:00,946.61683,946.71149,5
2024-01-08 00:53:06,946.5747,946.66936,7
2024-01-08 00:53:12,946.5723,946.66696,2
2024-01-08 00:53:18,946.57329,946.66795,4
2024-01-08 00:53:24,946.53628,946.63094,7
2024-01-08 00:53:30,946.56641,946.66107,2
2024-01-08 00:53:36,946.6085,946.70317,9
2024-01-08 00:53:42,946.65281,946.74748,2
2024-01-08 00:53:48,946.56839,946.66305,9
2024-01-08 00:53:54,946.56703,946.6617,1
2024-01-08 00:54:00,946.62978,946.72445,3
2024-01-08 00:54:06,946.57953,946.67419,4
2024-01-08 00:54:12,946.58456,946.67923,5
2024-01-08 00:54:18,946.53102,946.62567,2
2024-01-08 00:54:24,946.50987,946.60453,7
2024-01-08 00:54:30,946.62765,946.72232,1
2024-01-08 00:54:36,946.62543,946.7201,9
2024-01-08 00:54:42,946.6135,946.70816,9
2024-01-08 00:54:48,946.52747,946.62213,3
2024-01-08 00:54:54,946.62524,946.71991,1
2024-01-08 00:55:00,946.57166,946.66632,5
2024-01-08 00:55:06,946.5351,946.62976,7
2024-01-08 00:55:12,946.58832,946.68298,4
2024-01-08 00:55:18,946.57307,946.66774,2
2024-01-08 00:55:24,946.61313,946.70779,3
2024-01-08 00:55:30,946.56336,946.65802,5
2024-01-08 00:55:36,946.61633,946.711,7
2024-01-08 00:55:42,946.52611,946.62076,8
2024-01-08 00:55:48,946.63829,946.73296,5
2024-01-08 00:55:54,946.62483,946.71949,1
2024-01-08 00:56:00,946.61744,946.71211,1
2024-01-08 00:56:06,946.57952,946.67419,7
2024-01-08 00:56:12,946.55177,946.64643,1
2024-01-08 00:56:18,946.54685,946.64151,9
2024-01-08 00:56:24,946.5483,946.64296,3
2024-01-08 00:56:30,946.51718,946.61184,5
2024-01-08 00:56:36,946.50724,946.60189,5
2024-01-08 00:56:42,946.55169,946.64635,6
2024-01-08 00:56:48,946.5625,946.65717,4
2024-01-08 00:56:54,946.63928,946.73394,6
2024-01-08 00:57:00,946.50618,946.60084,7
2024-01-08 00:57:06,946.60885,946.70352,2
2024-01-08 00:57:12,946.56097,946.65563,8
2024-01-08 00:57:18,946.5896,946.68427,5
2024-01-08 00:57:24,946.59634,946.69101,9
2024-01-08 00:57:30,946.51304,946.6077,7
2024-01-08 00:57:36,946.59633,946.69099,8
2024-01-08 00:57:42,946.57414,946.6688,9
2024-01-08 00:57:48,946.66446,946.75913,7
2024-01-08 00:57:54,946.56669,946.66136,5
2024-01-08 00:58:00,946.61319,946.70786,1
2024-01-08 00:58:06,946.58584,946.68051,9
2024-01-08 00:58:12,946.58917,946.68383,2
2024-01-08 00:58:18,946.57904,946.67371,7
2024-01-08 00:58:24,946.54149,946.63615,1
2024-01-08 00:58:30,946.51763,946.61229,6
2024-01-08 00:58:36,946.53851,946.63317,4
2024-01-08 00:58:42,946.61668,946.71134,9
2024-01-08 00:58:48,946.59349,946.68816,7
2024-01-08 00:58:54,946.61106,946.70573,8
2024-01-08 00:59:00,946.63459,946.72926,6
2024-01-08 00:59:06,946.64368,946.73835,6
2024-01-08 00:59:12,946.6579,946.75257,9
2024-01-08 00:59:18,946.55835,946.65302,1
2024-01-08 00:59:24,946.59132,946.68598,7
2024-01-08 00:59:30,946.60777,946.70244,9
2024-01-08 00:59:36,946.62675,946.72142,5
2024-01-08 00:59:42,946.53921,946.63387,9
2024-01-08 00:59:48,946.66111,946.75578,1
2024-01-08 00:59:54,946.62782,946.72249,4
2024-01-08 01:00:00,946.57306,946.66772,3
2024-01-08 01:00:06,946.57711,946.67177,8
2024-01-08 01:00:12,946.5437,946.63836,6
2024-01-08 01:00:18,946.57315,946.66781,7
2024-01-08 01:00:24,946.6458,946.74047,5
2024-01-08 01:00:30,946.64673,946.7414,5
2024-01-08 01:00:36,946.55737,946.65203,1
2024-01-08 01:00:42,946.53527,946.62993,2
2024-01-08 01:00:48,946.59271,946.68737,6
2024-01-08 01:00:54,946.54287,946.63753,3
2024-01-08 01:01:00,946.65622,946.75089,1
2024-01-08 01:01:06,946.60785,946.70251,1
2024-01-08 01:01:12,946.66706,946.76174,6
2024-01-08 01:01:18,946.6374,946.73207,1
2024-01-08 01:01:24,946.62674,946.72141,9
2024-01-08 01:01:30,946.57672,946.67138,6
2024-01-08 01:01:36,946.55078,946.64544,1
2024-01-08 01:01:42,946.54981,946.64447,6
2024-01-08 01:01:48,946.58286,946.67752,6
2024-01-08 01:01:54,946.53553,946.63018,6
2024-01-08 01:02:00,946.52786,946.62252,8
2024-01-08 01:02:06,946.54829,946.64294,1
2024-01-08 01:02:12,946.54683,946.64149,2
2024-01-08 01:02:18,946.59915,946.69381,8
2024-01-08 01:02:24,946.54997,946.64463,9
2024-01-08 01:02:30,946.58074,946.6754,6
2024-01-08 01:02:36,946.60054,946.6952,6
2024-01-08 01:02:42,946.52218,946.61684,2
2024-01-08 01:02:48,946.57935,946.67401,5
2024-01-08 01:02:54,946.63728,946.73195,1
2024-01-08 01:03:00,946.48536,946.58001,7
2024-01-08 01:03:06,946.54898,946.64364,7
2024-01-08 01:03:12,946.53225,946.62691,7
2024-01-08 01:03:18,946.53428,946.62894,7
2024-01-08 01:03:24,946.55772,946.65238,2
2024-01-08 01:03:30,946.6077,946.70237,9
2024-01-08 01:03:36,946.66297,946.75764,8
2024-01-08 01:03:42,946.62176,946.71643,4
2024-01-08 01:03:48,946.608,946.70267,6
2024-01-08 01:03:54,946.62646,946.72113,4
2024-01-08 01:04:00,946.59667,946.69134,5
2024-01-08 01:04:06,946.69127,946.78595,9
2024-01-08 01:04:12,946.58748,946.68215,1
2024-01-08 01:04:18,946.61199,946.70665,6
2024-01-08 01:04:24,946.525,946.61966,4
2024-01-08 01:04:30,946.63732,946.73199,4
2024-01-08 01:04:36,946.52134,946.616,8
2024-01-08 01:04:42,946.50948,946.60413,6
2024-01-08 01:04:48,946.57438,946.66904,3
2024-01-08 01:04:54,946.5877,946.68236,1
2024-01-08 01:05:00,946.61563,946.7103,9
2024-01-08 01:05:06,946.59512,946.68978,4
2024-01-08 01:05:12,946.49147,946.58612,1
2024-01-08 01:05:18,946.56538,946.66004,7
2024-01-08 01:05:24,946.59043,946.68509,4
2024-01-08 01:05:30,946.54157,946.63623,3
2024-01-08 01:05:36,946.63955,946.73421,9
2024-01-08 01:05:42,946.57314,946.66781,5
2024-01-08 01:05:48,946.54644,946.6411,2
2024-01-08 01:05:54,946.60093,946.6956,2
2024-01-08 01:06:00,946.5344,946.62906,2
2024-01-08 01:06:06,946.5468,946.64146,3
2024-01-08 01:06:12,946.58121,946.67587,6
2024-01-08 01:06:18,946.60501,946.69968,5
2024-01-08 01:06:24,946.58773,946.68239,5
2024-01-08 01:06:30,946.56821,946.66287,7
2024-01-08 01:06:36,946.60053,946.69519,7
2024-01-08 01:06:42,946.54813,946.64279,8
2024-01-08 01:06:48,946.64768,946.74235,8
2024-01-08 01:06:54,946.55101,946.64567,6
2024-01-08 01:07:00,946.53434,946.629,1
2024-01-08 01:07:06,946.61895,946.71361,2
2024-01-08 01:07:12,946.56282,946.65748,2
2024-01-08 01:07:18,946.55987,946.65453,5
2024-01-08 01:07:24,946.56688,946.66154,8
2024-01-08 01:07:30,946.64051,946.73518,7
2024-01-08 01:07:36,946.55304,946.6477,5
2024-01-08 01:07:42,946.52176,946.61641,1
2024-01-08 01:07:48,946.53476,946.62942,2
2024-01-08 01:07:54,946.58558,946.68024,9
2024-01-08 01:08:00,946.50993,946.60459,3
2024-01-08 01:08:06,946.69709,946.79176,3
2024-01-08 01:08:12,946.56657,946.66123,6
2024-01-08 01:08:18,946.6353,946.72996,4
2024-01-08 01:08:24,946.53092,946.62557,2
2024-01-08 01:08:30,946.56746,946.66212,6
2024-01-08 01:08:36,946.52014,946.6148,7
2024-01-08 01:08:42,946.53767,946.63233,8
2024-01-08 01:08:48,946.69828,946.79295,6
2024-01-08 01:08:54,946.5903,946.68497,2
2024-01-08 01:09:00,946.58871,946.68337,8
2024-01-08 01:09:06,946.62648,946.72114,3
2024-01-08 01:09:12,946.5652,946.65987,9
2024-01-08 01:09:18,946.60103,946.6957,6
2024-01-08 01:09:24,946.52699,946.62165,5
2024-01-08 01:09:30,946.50438,946.59903,5
2024-01-08 01:09:36,946.57046,946.66512,3
2024-01-08 01:09:42,946.61495,946.70961,7
2024-01-08 01:09:48,946.5816,946.67627,8
2024-01-08 01:09:54,946.6252,946.71987,8
2024-01-08 01:10:00,946.62486,946.71953,5
2024-01-08 01:10:06,946.55938,946.65404,4
2024-01-08 01:10:12,946.57252,946.66718,3
2024-01-08 01:10:18,946.50709,946.60175,7
2024-01-08 01:10:24,946.52076,946.61542,9
2024-01-08 01:10:30,946.55265,946.64731,9
2024-01-08 01:10:36,946.55957,946.65423,1
2024-01-08 01:10:42,946.60181,946.69647,7
2024-01-08 01:10:48,946.56356,946.65822,8
2024-01-08 01:10:54,946.54173,946.63639,2
2024-01-08 01:11:00,946.60024,946.69491,9
2024-01-08 01:11:06,946.58151,946.67618,1
2024-01-08 01:11:12,946.58779,946.68245,7
2024-01-08 01:11:18,946.54776,946.64242,8
2024-01-08 01:11:24,946.5528,946.64746,3
2024-01-08 01:11:30,946.54156,946.63622,3
2024-01-08 01:11:36,946.5985,946.69317,2
2024-01-08 01:11:42,946.57372,946.66838,2
2024-01-08 01:11:48,946.6703,946.76497,8
2024-01-08 01:11:54,946.53745,946.6321,5
2024-01-08 01:12:00,946.48913,946.58378,7
2024-01-08 01:12:06,946.60867,946.70333,2
2024-01-08 01:12:12,946.67064,946.76531,6
2024-01-08 01:12:18,946.55703,946.6517,3
2024-01-08 01:12:24,946.54043,946.63509,8
2024-01-08 01:12:30,946.6298,946.72447,5
2024-01-08 01:12:36,946.58669,946.68136,5
2024-01-08 01:12:42,946.53057,946.62523,7
2024-01-08 01:12:48,946.51143,946.60609,9
2024-01-08 01:12:54,946.61844,946.7131,2
2024-01-08 01:13:00,946.56034,946.65501,4
2024-01-08 01:13:06,946.50663,946.60129,1
2024-01-08 01:13:12,946.52983,946.62448,1
2024-01-08 01:13:18,946.56159,946.65625,9
2024-01-08 01:13:24,946.56312,946.65778,2
2024-01-08 01:13:30,946.55634,946.651,4
2024-01-08 01:13:36,946.63978,946.73444,7
2024-01-08 01:13:42,946.52223,946.61689,2
2024-01-08 01:13:48,946.53564,946.63029,8
2024-01-08 01:13:54,946.51098,946.60563,9
2024-01-08 01:14:00,946.58294,946.67761,5
2024-01-08 01:14:06,946.54655,946.6412,5
2024-01-08 01:14:12,946.54427,946.63893,9
2024-01-08 01:14:18,946.54191,946.63657,1
2024-01-08 01:14:24,946.46587,946.56052,9
2024-01-08 01:14:30,946.43818,946.53283,8
2024-01-08 01:14:36,946.61035,946.70502,9
2024-01-08 01:14:42,946.55261,946.64727,2
2024-01-08 01:14:48,946.62163,946.7163,1
2024-01-08 01:14:54,946.63531,946.72998,1
2024-01-08 01:15:00,946.60661,946.70127,8
2024-01-08 01:15:06,946.53214,946.6268,3
2024-01-08 01:15:12,946.52188,946.61654,6
2024-01-08 01:15:18,946.59612,946.69078,8
2024-01-08 01:15:24,946.49516,946.58981,2
2024-01-08 01:15:30,946.5977,946.69237,5
2024-01-08 01:15:36,946.50444,946.5991,2
2024-01-08 01:15:42,946.59065,946.68531,2
2024-01-08 01:15:48,946.52632,946.62097,8
2024-01-08 01:15:54,946.53892,946.63358,8
2024-01-08 01:16:00,946.53765,946.63231,8
2024-01-08 01:16:06,946.56017,946.65483,3
2024-01-08 01:16:12,946.57356,946.66822,2
2024-01-08 01:16:18,946.40233,946.49697,1
2024-01-08 01:16:24,946.55977,946.65443,2
2024-01-08 01:16:30,946.58118,946.67584,8
2024-01-08 01:16:36,946.56148,946.65614,1
2024-01-08 01:16:42,946.50433,946.59898,8
2024-01-08 01:16:48,946.62523,946.7199,3
2024-01-08 01:16:54,946.4808,946.57545,6
2024-01-08 01:17:00,946.54174,946.6364,3
2024-01-08 01:17:06,946.65189,946.74656,6
2024-01-08 01:17:12,946.58402,946.67869,9
2024-01-08 01:17:18,946.57958,946.67424,5
2024-01-08 01:17:24,946.53917,946.63382,7
2024-01-08 01:17:30,946.52437,946.61903,7
2024-01-08 01:17:36,946.47765,946.5723,4
2024-01-08 01:17:42,946.55358,946.64824,3
2024-01-08 01:17:48,946.58649,946.68115,1
2024-01-08 01:17:54,946.53211,946.62677,4
2024-01-08 01:18:00,946.54944,946.6441,6
2024-01-08 01:18:06,946.55635,946.65101,2
2024-01-08 01:18:12,946.55815,946.65281,1
2024-01-08 01:18:18,946.50564,946.6003,1
2024-01-08 01:18:24,946.64547,946.74014,4
2024-01-08 01:18:30,946.65796,946.75263,3
2024-01-08 01:18:36,946.59007,946.68473,1
2024-01-08 01:18:42,946.64201,946.73668,5
2024-01-08 01:18:48,946.59574,946.6904,2
2024-01-08 01:18:54,946.57504,946.6697,8
2024-01-08 01:19:00,946.52401,946.61867,3
2024-01-08 01:19:06,946.59392,946.68858,2
2024-01-08 01:19:12,946.58898,946.68364,6
2024-01-08 01:19:18,946.60557,946.70023,5
2024-01-08 01:19:24,946.56389,946.65855,9
2024-01-08 01:19:30,946.53514,946.6298,3
2024-01-08 01:19:36,946.47275,946.5674,7
2024-01-08 01:19:42,946.64987,946.74454,9
2024-01-08 01:19:48,946.58462,946.67928,9
2024-01-08 01:19:54,946.51443,946.60909,7
2024-01-08 01:20:00,946.43533,946.52998,6
2024-01-08 01:20:06,946.56565,946.66031,3
2024-01-08 01:20:12,946.59374,946.6884,1
2024-01-08 01:20:18,946.49409,946.58875,2
2024-01-08 01:20:24,946.54778,946.64244,2
2024-01-08 01:20:30,946.47842,946.57307,3
2024-01-08 01:20:36,946.48774,946.58239,9
2024-01-08 01:20:42,946.44664,946.54129,7
2024-01-08 01:20:48,946.56025,946.65491,2
2024-01-08 01:20:54,946.60408,946.69874,9
2024-01-08 01:21:00,946.57408,946.66874,1
2024-01-08 01:21:06,946.52363,946.61829,7
2024-01-08 01:21:12,946.53984,946.6345,6
2024-01-08 01:21:18,946.5528,946.64746,7
2024-01-08 01:21:24,946.63702,946.73169,4
2024-01-08 01:21:30,946.58778,946.68244,6
2024-01-08 01:21:36,946.65048,946.74515,7
2024-01-08 01:21:42,946.58449,946.67915,8
2024-01-08 01:21:48,946.63351,946.72818,5
2024-01-08 01:21:54,946.59833,946.69299,6
2024-01-08 01:22:00,946.6612,946.75587,2
2024-01-08 01:22:06,946.5967,946.69136,2
2024-01-08 01:22:12,946.53895,946.63361,2
2024-01-08 01:22:18,946.6043,946.69897,4
2024-01-08 01:22:24,946.5411,946.63575,1
2024-01-08 01:22:30,946.53098,946.62564,5
2024-01-08 01:22:36,946.4619,946.55655,7
2024-01-08 01:22:42,946.51618,946.61084,3
2024-01-08 01:22:48,946.50192,946.59658,3
2024-01-08 01:22:54,946.59537,946.69004,5
2024-01-08 01:23:00,946.63349,946.72816,4
2024-01-08 01:23:06,946.5804,946.67507,8
2024-01-08 01:23:12,946.49609,946.59074,5
2024-01-08 01:23:18,946.51636,946.61101,2
2024-01-08 01:23:24,946.45034,946.54499,8
2024-01-08 01:23:30,946.60755,946.70222,2
2024-01-08 01:23:36,946.59885,946.69351,7
2024-01-08 01:23:42,946.51886,946.61351,3
2024-01-08 01:23:48,946.51861,946.61326,4
2024-01-08 01:23:54,946.49918,946.59384,4
2024-01-08 01:24:00,946.48407,946.57872,5
2024-01-08 01:24:06,946.51244,946.6071,3
2024-01-08 01:24:12,946.55821,946.65287,3
2024-01-08 01:24:18,946.5598,946.65447,1
2024-01-08 01:24:24,946.51539,946.61005,8
2024-01-08 01:24:30,946.55121,946.64587,7
2024-01-08 01:24:36,946.58846,946.68312,8
2024-01-08 01:24:42,946.51703,946.61169,7
2024-01-08 01:24:48,946.51978,946.61444,9
2024-01-08 01:24:54,946.55633,946.65099,2
2024-01-08 01:25:00,946.54992,946.64458,7
2024-01-08 01:25:06,946.59194,946.6866,1
2024-01-08 01:25:12,946.50815,946.6028,2
2024-01-08 01:25:18,946.50436,946.59901,4
2024-01-08 01:25:24,946.57644,946.6711,9
2024-01-08 01:25:30,946.63749,946.73216,8
2024-01-08 01:25:36,946.54264,946.6373,5
2024-01-08 01:25:42,946.49073,946.58539,7
2024-01-08 01:25:48,946.53766,946.63231,5
2024-01-08 01:25:54,946.58537,946.68003,6
2024-01-08 01:26:00,946.55234,946.647,1
2024-01-08 01:26:06,946.59964,946.69431,1
2024-01-08 01:26:12,946.61237,946.70704,2
2024-01-08 01:26:18,946.55955,946.65421,4
2024-01-08 01:26:24,946.57103,946.66569,8
2024-01-08 01:26:30,946.6118,946.70647,5
2024-01-08 01:26:36,946.54093,946.63559,9
2024-01-08 01:26:42,946.50316,946.59782,6
2024-01-08 01:26:48,946.53094,946.6256,2
2024-01-08 01:26:54,946.53991,946.63457,4
2024-01-08 01:27:00,946.5846,946.67927,9
2024-01-08 01:27:06,946.56087,946.65553,9
2024-01-08 01:27:12,946.6008,946.69547,4
2024-01-08 01:27:18,946.66294,946.75761,8
2024-01-08 01:27:24,946.57354,946.6682,2
2024-01-08 01:27:30,946.48153,946.57618,7
2024-01-08 01:27:36,946.55676,946.65142,6
2024-01-08 01:27:42,946.58799,946.68266,9
2024-01-08 01:27:48,946.54153,946.63619,2
2024-01-08 01:27:54,946.49739,946.59205,4
2024-01-08 01:28:00,946.52973,946.62439,9
2024-01-08 01:28:06,946.47731,946.57196,7
2024-01-08 01:28:12,946.54981,946.64447,9
2024-01-08 01:28:18,946.53502,946.62968,8
2024-01-08 01:28:24,946.57355,946.66821,2
2024-01-08 01:28:30,946.58542,946.68009,4
2024-01-08 01:28:36,946.59458,946.68925,7
2024-01-08 01:28:42,946.57051,946.66517,7
2024-01-08 01:28:48,946.4914,946.58606,4
2024-01-08 01:28:54,946.62806,946.72273,9
2024-01-08 01:29:00,946.52567,946.62033,7
2024-01-08 01:29:06,946.55708,946.65174,7
2024-01-08 01:29:12,946.59686,946.69152,9
2024-01-08 01:29:18,946.60246,946.69712,6
2024-01-08 01:29:24,946.63478,946.72944,8
2024-01-08 01:29:30,946.55648,946.65114,9
2024-01-08 01:29:36,946.5328,946.62746,3
2024-01-08 01:29:42,946.54783,946.64248,9
2024-01-08 01:29:48,946.52634,946.62099,7
2024-01-08 01:29:54,946.57152,946.66618,6
2024-01-08 01:30:00,946.55493,946.64959,7
2024-01-08 01:30:06,946.48126,946.57591,8
2024-01-08 01:30:12,946.57871,946.67337,6
2024-01-08 01:30:18,946.62108,946.71575,8
2024-01-08 01:30:24,946.58112,946.67578,6
2024-01-08 01:30:30,946.6039,946.69856,6
2024-01-08 01:30:36,946.5559,946.65056,2
2024-01-08 01:30:42,946.50357,946.59822,5
2024-01-08 01:30:48,946.55073,946.64539,4
2024-01-08 01:30:54,946.47066,946.56531,6
2024-01-08 01:31:00,946.51862,946.61328,3
2024-01-08 01:31:06,946.59866,946.69333,3
2024-01-08 01:31:12,946.50685,946.60151,1
2024-01-08 01:31:18,946.61375,946.70841,1
2024-01-08 01:31:24,946.60416,946.69883,9
2024-01-08 01:31:30,946.47773,946.57239,1
2024-01-08 01:31:36,946.47554,946.57019,5
2024-01-08 01:31:42,946.49367,946.58832,4
2024-01-08 01:31:48,946.51999,946.61464,2
2024-01-08 01:31:54,946.54039,946.63505,3
2024-01-08 01:32:00,946.48371,946.57836,7
2024-01-08 01:32:06,946.57856,946.67323,1
2024-01-08 01:32:12,946.55492,946.64958,1
2024-01-08 01:32:18,946.63619,946.73086,6
2024-01-08 01:32:24,946.58825,946.68291,8
2024-01-08 01:32:30,946.47803,946.57269,1
2024-01-08 01:32:36,946.58751,946.68218,5
2024-01-08 01:32:42,946.5541,946.64876,6
2024-01-08 01:32:48,946.58636,946.68102,1
2024-01-08 01:32:54,946.4749,946.56955,6
2024-01-08 01:33:00,946.56223,946.65689,6
2024-01-08 01:33:06,946.53699,946.63165,1
2024-01-08 01:33:12,946.59241,946.68707,1
2024-01-08 01:33:18,946.62339,946.71806,9
2024-01-08 01:33:24,946.54582,946.64048,4
2024-01-08 01:33:30,946.5479,946.64256,4
2024-01-08 01:33:36,946.57376,946.66842,9
2024-01-08 01:33:42,946.53055,946.62521,7
2024-01-08 01:33:48,946.57512,946.66978,8
2024-01-08 01:33:54,946.57251,946.66717,3
2024-01-08 01:34:00,946.49665,946.59131,8
2024-01-08 01:34:06,946.54783,946.64249,3
2024-01-08 01:34:12,946.56797,946.66263,6
2024-01-08 01:34:18,946.57386,946.66852,6
2024-01-08 01:34:24,946.54244,946.6371,5
2024-01-08 01:34:30,946.55446,946.64912,4
2024-01-08 01:34:36,946.51834,946.61299,4
2024-01-08 01:34:42,946.56928,946.66394,3
2024-01-08 01:34:48,946.52002,946.61468,7
2024-01-08 01:34:54,946.53958,946.63424,4
2024-01-08 01:35:00,946.49536,946.59002,2
2024-01-08 01:35:06,946.56724,946.6619,3
2024-01-08 01:35:12,946.55307,946.64773,1
2024-01-08 01:35:18,946.50203,946.59669,7
2024-01-08 01:35:24,946.52744,946.6221,4
2024-01-08 01:35:30,946.6143,946.70897,6
2024-01-08 01:35:36,946.53516,946.62982,8
2024-01-08 01:35:42,946.5285,946.62316,8
2024-01-08 01:35:48,946.53286,946.62752,5
2024-01-08 01:35:54,946.48709,946.58175,3
2024-01-08 01:36:00,946.54233,946.63698,5
2024-01-08 01:36:06,946.5306,946.62526,2
2024-01-08 01:36:12,946.61298,946.70764,7
2024-01-08 01:36:18,946.56703,946.66169,8
2024-01-08 01:36:24,946.53643,946.63109,8
2024-01-08 01:36:30,946.55133,946.64599,2
2024-01-08 01:36:36,946.54273,946.63738,8
2024-01-08 01:36:42,946.48594,946.58059,8
2024-01-08 01:36:48,946.58572,946.68038,5
2024-01-08 01:36:54,946.4978,946.59246,1
2024-01-08 01:37:00,946.41057,946.50521,8
2024-01-08 01:37:06,946.54033,946.63499,2
2024-01-08 01:37:12,946.52244,946.61709,8
2024-01-08 01:37:18,946.48952,946.58417,7
2024-01-08 01:37:24,946.60261,946.69728,1
2024-01-08 01:37:30,946.56178,946.65644,9
2024-01-08 01:37:36,946.58093,946.67559,9
2024-01-08 01:37:42,946.52828,946.62294,8
2024-01-08 01:37:48,946.60814,946.70281,5
2024-01-08 01:37:54,946.54505,946.63971,9
2024-01-08 01:38:00,946.60328,946.69795,3
2024-01-08 01:38:06,946.61325,946.70791,2
2024-01-08 01:38:12,946.53188,946.62654,4
2024-01-08 01:38:18,946.50055,946.59521,5
2024-01-08 01:38:24,946.55466,946.64932,8
2024-01-08 01:38:30,946.58926,946.68392,1
2024-01-08 01:38:36,946.47041,946.56506,6
2024-01-08 01:38:42,946.5446,946.63926,6
2024-01-08 01:38:48,946.51515,946.6098,4
2024-01-08 01:38:54,946.56593,946.66059,6
2024-01-08 01:39:00,946.54579,946.64045,3
2024-01-08 01:39:06,946.42788,946.52253,6
2024-01-08 01:39:12,946.52768,946.62234,6
2024-01-08 01:39:18,946.55335,946.64801,8
2024-01-08 01:39:24,946.57776,946.67242,4
2024-01-08 01:39:30,946.59407,946.68873,3
2024-01-08 01:39:36,946.60702,946.70169,6
2024-01-08 01:39:42,946.51625,946.61091,6
2024-01-08 01:39:48,946.50123,946.59588,6
2024-01-08 01:39:54,946.55423,946.64889,3
2024-01-08 01:40:00,946.47098,946.56563,9
2024-01-08 01:40:06,946.54609,946.64075,2
2024-01-08 01:40:12,946.4887,946.58335,4
2024-01-08 01:40:18,946.58882,946.68348,6
2024-01-08 01:40:24,946.60872,946.70339,8
2024-01-08 01:40:30,946.57014,946.66481,8
2024-01-08 01:40:36,946.47779,946.57244,8
2024-01-08 01:40:42,946.52773,946.62239,9
2024-01-08 01:40:48,946.54902,946.64368,9
2024-01-08 01:40:54,946.55038,946.64504,7
2024-01-08 01:41:00,946.52161,946.61627,8
2024-01-08 01:41:06,946.55542,946.65008,9
2024-01-08 01:41:12,946.43577,946.53042,9
2024-01-08 01:41:18,946.59935,946.69401,1
2024-01-08 01:41:24,946.48812,946.58278,4
2024-01-08 01:41:30,946.5268,946.62145,3
2024-01-08 01:41:36,946.54379,946.63845,7
2024-01-08 01:41:42,946.55909,946.65375,1
2024-01-08 01:41:48,946.55436,946.64902,7
2024-01-08 01:41:54,946.59237,946.68703,1
2024-01-08 01:42:00,946.63154,946.72621,4
2024-01-08 01:42:06,946.50519,946.59985,2
2024-01-08 01:42:12,946.58359,946.67826,5
2024-01-08 01:42:18,946.52853,946.62319,5
2024-01-08 01:42:24,946.5436,946.63826,4
2024-01-08 01:42:30,946.52543,946.62008,7
2024-01-08 01:42:36,946.49197,946.58662,1
2024-01-08 01:42:42,946.53559,946.63025,8
2024-01-08 01:42:48,946.49183,946.58648,5
2024-01-08 01:42:54,946.56926,946.66392,7
2024-01-08 01:43:00,946.5258,946.62046,1
2024-01-08 01:43:06,946.54766,946.64232,8
2024-01-08 01:43:12,946.51889,946.61355,8
2024-01-08 01:43:18,946.49408,946.58873,3
2024-01-08 01:43:24,946.52396,946.61862,3
2024-01-08 01:43:30,946.51374,946.6084,3
2024-01-08 01:43:36,946.51022,946.60488,3
2024-01-08 01:43:42,946.54983,946.64449,9
2024-01-08 01:43:48,946.49265,946.5873,8
2024-01-08 01:43:54,946.54221,946.63687,2
2024-01-08 01:44:00,946.49179,946.58644,4
2024-01-08 01:44:06,946.58202,946.67668,3
2024-01-08 01:44:12,946.64861,946.74328,8
2024-01-08 01:44:18,946.56317,946.65783,7
2024-01-08 01:44:24,946.53331,946.62797,6
2024-01-08 01:44:30,946.54964,946.6443,2
2024-01-08 01:44:36,946.52961,946.62426,7
2024-01-08 01:44:42,946.43359,946.52824,2
2024-01-08 01:44:48,946.65111,946.74578,2
2024-01-08 01:44:54,946.5834,946.67807,4
2024-01-08 01:45:00,946.55601,946.65067,2
2024-01-08 01:45:06,946.58109,946.67575,5
2024-01-08 01:45:12,946.49032,946.58497,9
2024-01-08 01:45:18,946.49946,946.59412,6
2024-01-08 01:45:24,946.52412,946.61878,4
2024-01-08 01:45:30,946.56322,946.65788,1
2024-01-08 01:45:36,946.62451,946.71918,6
2024-01-08 01:45:42,946.53943,946.63409,7
2024-01-08 01:45:48,946.57796,946.67262,8
2024-01-08 01:45:54,946.57497,946.66964,5
2024-01-08 01:46:00,946.5062,946.60086,1
2024-01-08 01:46:06,946.49596,946.59061,6
2024-01-08 01:46:12,946.59209,946.68676,7
2024-01-08 01:46:18,946.52962,946.62428,4
2024-01-08 01:46:24,946.49223,946.58688,4
2024-01-08 01:46:30,946.50922,946.60388,9
2024-01-08 01:46:36,946.5192,946.61386,6
2024-01-08 01:46:42,946.44087,946.53552,1
2024-01-08 01:46:48,946.51791,946.61257,3
2024-01-08 01:46:54,946.53172,946.62638,5
2024-01-08 01:47:00,946.46942,946.56407,2
2024-01-08 01:47:06,946.45796,946.55261,2
2024-01-08 01:47:12,946.4932,946.58785,4
2024-01-08 01:47:18,946.55919,946.65386,8
2024-01-08 01:47:24,946.50987,946.60453,5
2024-01-08 01:47:30,946.4822,946.57685,1
2024-01-08 01:47:36,946.47216,946.56681,5
2024-01-08 01:47:42,946.49804,946.59269,3
2024-01-08 01:47:48,946.50892,946.60357,5
2024-01-08 01:47:54,946.51532,946.60998,1
2024-01-08 01:48:00,946.5108,946.60546,4
2024-01-08 01:48:06,946.57197,946.66663,5
2024-01-08 01:48:12,946.46003,946.55468,9
2024-01-08 01:48:18,946.51946,946.61412,5
2024-01-08 01:48:24,946.43603,946.53068,6
2024-01-08 01:48:30,946.54463,946.63929,1
2024-01-08 01:48:36,946.58006,946.67472,8
2024-01-08 01:48:42,946.53942,946.63408,8
2024-01-08 01:48:48,946.58306,946.67772,3
2024-01-08 01:48:54,946.51838,946.61304,5
2024-01-08 01:49:00,946.47541,946.57006,2
2024-01-08 01:49:06,946.54958,946.64424,5
2024-01-08 01:49:12,946.47854,946.57319,9
2024-01-08 01:49:18,946.51062,946.60528,9
2024-01-08 01:49:24,946.52623,946.62089,8
2024-01-08 01:49:30,946.46226,946.55692,4
2024-01-08 01:49:36,946.51734,946.612,7
2024-01-08 01:49:42,946.47059,946.56524,7
2024-01-08 01:49:48,946.60276,946.69743,7
2024-01-08 01:49:54,946.50404,946.5987,6
2024-01-08 01:50:00,946.44823,946.54288,3
2024-01-08 01:50:06,946.44655,946.5412,9
2024-01-08 01:50:12,946.54029,946.63495,8
2024-01-08 01:50:18,946.60541,946.70008,8
2024-01-08 01:50:24,946.50294,946.5976,8
2024-01-08 01:50:30,946.48294,946.57759,1
2024-01-08 01:50:36,946.55198,946.64664,9
2024-01-08 01:50:42,946.49574,946.59039,3
2024-01-08 01:50:48,946.4976,946.59225,2
2024-01-08 01:50:54,946.51747,946.61213,2
2024-01-08 01:51:00,946.52637,946.62103,8
2024-01-08 01:51:06,946.48699,946.58164,5
2024-01-08 01:51:12,946.50415,946.59881,8
2024-01-08 01:51:18,946.55906,946.65373,8
2024-01-08 01:51:24,946.47043,946.56508,3
2024-01-08 01:51:30,946.50792,946.60258,9
2024-01-08 01:51:36,946.51477,946.60942,5
2024-01-08 01:51:42,946.59498,946.68965,2
2024-01-08 01:51:48,946.40845,946.5031,7
2024-01-08 01:51:54,946.45399,946.54864,5
2024-01-08 01:52:00,946.48881,946.58346,9
2024-01-08 01:52:06,946.59337,946.68803,6
2024-01-08 01:52:12,946.53409,946.62875,6
2024-01-08 01:52:18,946.52287,946.61753,7
2024-01-08 01:52:24,946.51267,946.60732,7
2024-01-08 01:52:30,946.45359,946.54824,7
2024-01-08 01:52:36,946.47349,946.56814,5
2024-01-08 01:52:42,946.53814,946.6328,5
2024-01-08 01:52:48,946.44438,946.53903,9
2024-01-08 01:52:54,946.53186,946.62652,8
2024-01-08 01:53:00,946.57294,946.6676,4
2024-01-08 01:53:06,946.56207,946.65673,8
2024-01-08 01:53:12,946.48886,946.58351,7
2024-01-08 01:53:18,946.57088,946.66554,7
2024-01-08 01:53:24,946.46837,946.56302,9
2024-01-08 01:53:30,946.57937,946.67403,3
2024-01-08 01:53:36,946.51429,946.60895,9
2024-01-08 01:53:42,946.55036,946.64502,7
2024-01-08 01:53:48,946.43978,946.53442,7
2024-01-08 01:53:54,946.51218,946.60683,1
2024-01-08 01:54:00,946.56214,946.6568,9
2024-01-08 01:54:06,946.41053,946.50518,3
2024-01-08 01:54:12,946.51522,946.60987,9
2024-01-08 01:54:18,946.50067,946.59532,2
2024-01-08 01:54:24,946.44037,946.53502,7
2024-01-08 01:54:30,946.5228,946.61746,8
2024-01-08 01:54:36,946.53152,946.62618,4
2024-01-08 01:54:42,946.40964,946.50429,7
2024-01-08 01:54:48,946.41887,946.51351,6
2024-01-08 01:54:54,946.53359,946.62825,1
2024-01-08 01:55:00,946.47297,946.56762,5
2024-01-08 01:55:06,946.56017,946.65483,4
2024-01-08 01:55:12,946.52669,946.62135,5
2024-01-08 01:55:18,946.47764,946.57229,2
2024-01-08 01:55:24,946.54481,946.63947,8
2024-01-08 01:55:30,946.49412,946.58877,1
2024-01-08 01:55:36,946.49951,946.59416,1
2024-01-08 01:55:42,946.49229,946.58694,9
2024-01-08 01:55:48,946.51959,946.61425,5
2024-01-08 01:55:54,946.55077,946.64543,4
2024-01-08 01:56:00,946.59838,946.69305,9
2024-01-08 01:56:06,946.54504,946.6397,7
2024-01-08 01:56:12,946.50038,946.59503,2
2024-01-08 01:56:18,946.47358,946.56823,1
2024-01-08 01:56:24,946.59619,946.69085,3
2024-01-08 01:56:30,946.50024,946.5949,4
2024-01-08 01:56:36,946.55595,946.65061,9
2024-01-08 01:56:42,946.53043,946.62508,7
2024-01-08 01:56:48,946.47794,946.5726,4
2024-01-08 01:56:54,946.55784,946.6525,9
2024-01-08 01:57:00,946.47121,946.56586,1
2024-01-08 01:57:06,946.5939,946.68857,6
2024-01-08 01:57:12,946.54255,946.63721,4
2024-01-08 01:57:18,946.49221,946.58687,2
2024-01-08 01:57:24,946.46218,946.55683,1
2024-01-08 01:57:30,946.47068,946.56534,5
2024-01-08 01:57:36,946.4969,946.59155,7
2024-01-08 01:57:42,946.53172,946.62638,2
2024-01-08 01:57:48,946.50719,946.60184,9
2024-01-08 01:57:54,946.6315,946.72617,7
2024-01-08 01:58:00,946.43355,946.5282,1
2024-01-08 01:58:06,946.51814,946.61279,7
2024-01-08 01:58:12,946.51348,946.60813,6
2024-01-08 01:58:18,946.53363,946.62829,1
2024-01-08 01:58:24,946.47441,946.56907,6
2024-01-08 01:58:30,946.518,946.61265,1
2024-01-08 01:58:36,946.48948,946.58414,4
2024-01-08 01:58:42,946.56301,946.65767,2
2024-01-08 01:58:48,946.47787,946.57253,7
2024-01-08 01:58:54,946.45217,946.54682,8
2024-01-08 01:59:00,946.48453,946.57918,3
2024-01-08 01:59:06,946.48218,946.57683,6
2024-01-08 01:59:12,946.5278,946.62246,7
2024-01-08 01:59:18,946.57533,946.66999,4
2024-01-08 01:59:24,946.45971,946.55436,2
2024-01-08 01:59:30,946.50574,946.60039,4
2024-01-08 01:59:36,946.50469,946.59935,6
2024-01-08 01:59:42,946.58287,946.67754,6
2024-01-08 01:59:48,946.43414,946.52879,9
2024-01-08 01:59:54,946.50322,946.59787,9
2024-01-08 02:00:00,946.51329,946.60795,7
2024-01-08 02:00:06,946.48516,946.57982,7
2024-01-08 02:00:12,946.45747,946.55212,3
2024-01-08 02:00:18,946.665,946.75967,2
2024-01-08 02:00:24,946.56499,946.65965,7
2024-01-08 02:00:30,946.54694,946.6416,3
2024-01-08 02:00:36,946.50249,946.59714,8
2024-01-08 02:00:42,946.48715,946.58181,8
2024-01-08 02:00:48,946.55482,946.64948,1
2024-01-08 02:00:54,946.45067,946.54532,7
2024-01-08 02:01:00,946.53185,946.6265,7
2024-01-08 02:01:06,946.45916,946.55381,6
2024-01-08 02:01:12,946.48894,946.58359,2
2024-01-08 02:01:18,946.47009,946.56474,2
2024-01-08 02:01:24,946.51495,946.6096,3
2024-01-08 02:01:30,946.43822,946.53287,1
2024-01-08 02:01:36,946.50607,946.60073,2
2024-01-08 02:01:42,946.40807,946.50272,9
2024-01-08 02:01:48,946.52014,946.6148,6
2024-01-08 02:01:54,946.4733,946.56795,6
2024-01-08 02:02:00,946.56235,946.65701,6
2024-01-08 02:02:06,946.49382,946.58847,6
2024-01-08 02:02:12,946.51871,946.61336,8
2024-01-08 02:02:18,946.4629,946.55755,5
2024-01-08 02:02:24,946.48217,946.57683,8
2024-01-08 02:02:30,946.46627,946.56093,8
2024-01-08 02:02:36,946.45613,946.55078,6
2024-01-08 02:02:42,946.46575,946.5604,5
2024-01-08 02:02:48,946.55944,946.6541,7
2024-01-08 02:02:54,946.5199,946.61455,8
2024-01-08 02:03:00,946.49195,946.5866,2
2024-01-08 02:03:06,946.44204,946.53669,4
2024-01-08 02:03:12,946.53358,946.62824,7
2024-01-08 02:03:18,946.56823,946.66289,2
2024-01-08 02:03:24,946.51146,946.60612,2
2024-01-08 02:03:30,946.54348,946.63814,8
2024-01-08 02:03:36,946.38232,946.47696,5
2024-01-08 02:03:42,946.44611,946.54076,7
2024-01-08 02:03:48,946.52773,946.62239,2
2024-01-08 02:03:54,946.46886,946.56351,6
2024-01-08 02:04:00,946.50098,946.59563,2
2024-01-08 02:04:06,946.47696,946.57161,1
2024-01-08 02:04:12,946.49776,946.59242,2
2024-01-08 02:04:18,946.50439,946.59904,7
2024-01-08 02:04:24,946.50358,946.59824,7
2024-01-08 02:04:30,946.49879,946.59345,5
2024-01-08 02:04:36,946.48679,946.58144,4
2024-01-08 02:04:42,946.52002,946.61468,6
2024-01-08 02:04:48,946.44345,946.5381,3
2024-01-08 02:04:54,946.48656,946.58122,4
2024-01-08 02:05:00,946.40801,946.50266,4
2024-01-08 02:05:06,946.59115,946.68581,8
2024-01-08 02:05:12,946.4661,946.56075,4
2024-01-08 02:05:18,946.47357,946.56823,7
2024-01-08 02:05:24,946.53843,946.63309,9
2024-01-08 02:05:30,946.52887,946.62352,4
2024-01-08 02:05:36,946.53219,946.62685,9
2024-01-08 02:05:42,946.51621,946.61086,3
2024-01-08 02:05:48,946.5245,946.61915,9
2024-01-08 02:05:54,946.46096,946.55561,7
2024-01-08 02:06:00,946.54181,946.63647,1
2024-01-08 02:06:06,946.53145,946.6261,6
2024-01-08 02:06:12,946.45922,946.55387,4
2024-01-08 02:06:18,946.41077,946.50541,8
2024-01-08 02:06:24,946.51422,946.60888,2
2024-01-08 02:06:30,946.45867,946.55332,1
2024-01-08 02:06:36,946.43619,946.53084,5
2024-01-08 02:06:42,946.47616,946.57081,6
2024-01-08 02:06:48,946.55804,946.6527,7
2024-01-08 02:06:54,946.482,946.57665,6
2024-01-08 02:07:00,946.40628,946.50093,6
2024-01-08 02:07:06,946.46584,946.56049,6
2024-01-08 02:07:12,946.557,946.65166,4
2024-01-08 02:07:18,946.48488,946.57954,1
2024-01-08 02:07:24,946.56591,946.66057,1
2024-01-08 02:07:30,946.46058,946.55523,4
2024-01-08 02:07:36,946.4919,946.58656,3
2024-01-08 02:07:42,946.42888,946.52353,2
2024-01-08 02:07:48,946.43506,946.52971,9
2024-01-08 02:07:54,946.57076,946.66542,4
2024-01-08 02:08:00,946.47864,946.57329,9
2024-01-08 02:08:06,946.54368,946.63834,6
2024-01-08 02:08:12,946.43692,946.53157,7
2024-01-08 02:08:18,946.54332,946.63798,7
2024-01-08 02:08:24,946.40867,946.50331,8
2024-01-08 02:08:30,946.40409,946.49873,4
2024-01-08 02:08:36,946.46337,946.55802,8
2024-01-08 02:08:42,946.45743,946.55209,9
2024-01-08 02:08:48,946.49492,946.58958,9
2024-01-08 02:08:54,946.53818,946.63284,8
2024-01-08 02:09:00,946.52921,946.62387,2
2024-01-08 02:09:06,946.48703,946.58168,7
2024-01-08 02:09:12,946.56373,946.65839,1
2024-01-08 02:09:18,946.49643,946.59109,8
2024-01-08 02:09:24,946.49559,946.59025,2
2024-01-08 02:09:30,946.44198,946.53662,9
2024-01-08 02:09:36,946.53888,946.63354,4
2024-01-08 02:09:42,946.50053,946.59519,2
2024-01-08 02:09:48,946.47294,946.56759,3
2024-01-08 02:09:54,946.44765,946.5423,9
2024-01-08 02:10:00,946.52789,946.62255,8
2024-01-08 02:10:06,946.49635,946.59101,6
2024-01-08 02:10:12,946.4911,946.58576,1
2024-01-08 02:10:18,946.46045,946.5551,6
2024-01-08 02:10:24,946.51698,946.61163,5
2024-01-08 02:10:30,946.52552,946.62017,6
2024-01-08 02:10:36,946.50884,946.6035,2
2024-01-08 02:10:42,946.39688,946.49153,6
2024-01-08 02:10:48,946.39987,946.49452,5
2024-01-08 02:10:54,946.46968,946.56433,9
2024-01-08 02:11:00,946.42845,946.5231,2
2024-01-08 02:11:06,946.50096,946.59561,3
2024-01-08 02:11:12,946.55456,946.64922,1
2024-01-08 02:11:18,946.43104,946.52569,6
2024-01-08 02:11:24,946.42766,946.52231,9
2024-01-08 02:11:30,946.44367,946.53832,5
2024-01-08 02:11:36,946.52358,946.61824,2
2024-01-08 02:11:42,946.48444,946.5791,7
2024-01-08 02:11:48,946.55464,946.6493,7
2024-01-08 02:11:54,946.47475,946.5694,2
2024-01-08 02:12:00,946.48676,946.58142,2
2024-01-08 02:12:06,946.44102,946.53566,1
2024-01-08 02:12:12,946.47651,946.57116,9
2024-01-08 02:12:18,946.46199,946.55664,9
2024-01-08 02:12:24,946.38479,946.47943,3
2024-01-08 02:12:30,946.50906,946.60372,4
2024-01-08 02:12:36,946.40152,946.49617,7
2024-01-08 02:12:42,946.47749,946.57215,8
2024-01-08 02:12:48,946.52119,946.61584,6
2024-01-08 02:12:54,946.48228,946.57693,9
2024-01-08 02:13:00,946.52613,946.62078,9
2024-01-08 02:13:06,946.527,946.62166,3
2024-01-08 02:13:12,946.50787,946.60252,1
2024-01-08 02:13:18,946.50222,946.59688,2
2024-01-08 02:13:24,946.40815,946.50279,3
2024-01-08 02:13:30,946.44071,946.53535,4
2024-01-08 02:13:36,946.43049,946.52514,2
2024-01-08 02:13:42,946.38398,946.47862,7
2024-01-08 02:13:48,946.41138,946.50603,9
2024-01-08 02:13:54,946.47074,946.5654,5
2024-01-08 02:14:00,946.42161,946.51626,5
2024-01-08 02:14:06,946.44478,946.53943,8
2024-01-08 02:14:12,946.46468,946.55933,7
2024-01-08 02:14:18,946.42921,946.52386,6
2024-01-08 02:14:24,946.51067,946.60532,8
2024-01-08 02:14:30,946.49064,946.5853,7
2024-01-08 02:14:36,946.5272,946.62186,5
2024-01-08 02:14:42,946.52096,946.61562,3
2024-01-08 02:14:48,946.56147,946.65614,6
2024-01-08 02:14:54,946.47638,946.57103,6
2024-01-08 02:15:00,946.48783,946.58248,3
2024-01-08 02:15:06,946.52304,946.6177,2
2024-01-08 02:15:12,946.47623,946.57088,2
2024-01-08 02:15:18,946.4839,946.57855,8
2024-01-08 02:15:24,946.57218,946.66684,5
2024-01-08 02:15:30,946.53169,946.62634,3
2024-01-08 02:15:36,946.51448,946.60914,1
2024-01-08 02:15:42,946.43728,946.53193,9
2024-01-08 02:15:48,946.51071,946.60536,3
2024-01-08 02:15:54,946.53,946.62465,8
2024-01-08 02:16:00,946.4985,946.59315,8
2024-01-08 02:16:06,946.51001,946.60467,9
2024-01-08 02:16:12,946.43639,946.53104,1
2024-01-08 02:16:18,946.5104,946.60505,7
2024-01-08 02:16:24,946.40287,946.49752,8
2024-01-08 02:16:30,946.47995,946.5746,2
2024-01-08 02:16:36,946.45628,946.55093,4
2024-01-08 02:16:42,946.41408,946.50872,7
2024-01-08 02:16:48,946.48891,946.58357,1
2024-01-08 02:16:54,946.49919,946.59385,5
2024-01-08 02:17:00,946.48425,946.5789,6
2024-01-08 02:17:06,946.47071,946.56536,9
2024-01-08 02:17:12,946.53292,946.62758,6
2024-01-08 02:17:18,946.37602,946.47067,5
2024-01-08 02:17:24,946.53406,946.62871,7
2024-01-08 02:17:30,946.50081,946.59546,1
2024-01-08 02:17:36,946.49315,946.58781,6
2024-01-08 02:17:42,946.5141,946.60875,3
2024-01-08 02:17:48,946.41677,946.51142,5
2024-01-08 02:17:54,946.51988,946.61454,6
2024-01-08 02:18:00,946.49099,946.58565,2
2024-01-08 02:18:06,946.48891,946.58356,2
2024-01-08 02:18:12,946.46802,946.56267,5
2024-01-08 02:18:18,946.478,946.57265,6
2024-01-08 02:18:24,946.43506,946.52971,9
2024-01-08 02:18:30,946.5413,946.63596,4
2024-01-08 02:18:36,946.44482,946.53947,8
2024-01-08 02:18:42,946.51515,946.6098,5
2024-01-08 02:18:48,946.46094,946.5556,7
2024-01-08 02:18:54,946.45755,946.5522,8
2024-01-08 02:19:00,946.54217,946.63683,5
2024-01-08 02:19:06,946.45493,946.54958,8
2024-01-08 02:19:12,946.43534,946.52999,7
2024-01-08 02:19:18,946.37,946.46464,2
2024-01-08 02:19:24,946.50978,946.60443,3
2024-01-08 02:19:30,946.40782,946.50246,1
2024-01-08 02:19:36,946.47967,946.57433,5
2024-01-08 02:19:42,946.49382,946.58848,2
2024-01-08 02:19:48,946.4108,946.50544,9
2024-01-08 02:19:54,946.52096,946.61561,7
2024-01-08 02:20:00,946.54865,946.64331,1
2024-01-08 02:20:06,946.43812,946.53277,7
2024-01-08 02:20:12,946.52108,946.61574,2
2024-01-08 02:20:18,946.42123,946.51588,5
2024-01-08 02:20:24,946.47692,946.57157,8
2024-01-08 02:20:30,946.47291,946.56756,6
2024-01-08 02:20:36,946.38317,946.47781,9
2024-01-08 02:20:42,946.49767,946.59232,5
2024-01-08 02:20:48,946.46627,946.56092,7
2024-01-08 02:20:54,946.53722,946.63188,9
2024-01-08 02:21:00,946.47271,946.56737,9
2024-01-08 02:21:06,946.44464,946.53929,6
2024-01-08 02:21:12,946.51551,946.61017,9
2024-01-08 02:21:18,946.51095,946.6056,9
2024-01-08 02:21:24,946.51042,946.60508,3
2024-01-08 02:21:30,946.48445,946.57911,9
2024-01-08 02:21:36,946.42828,946.52292,9
2024-01-08 02:21:42,946.47735,946.572,4
2024-01-08 02:21:48,946.4794,946.57406,2
2024-01-08 02:21:54,946.49932,946.59397,7
2024-01-08 02:22:00,946.48884,946.58349,4
2024-01-08 02:22:06,946.42416,946.51881,9
2024-01-08 02:22:12,946.40439,946.49904,8
2024-01-08 02:22:18,946.32478,946.41942,8
2024-01-08 02:22:24,946.51007,946.60473,9
2024-01-08 02:22:30,946.48443,946.57908,3
2024-01-08 02:22:36,946.44223,946.53687,1
2024-01-08 02:22:42,946.50032,946.59498,4
2024-01-08 02:22:48,946.51656,946.61122,3
2024-01-08 02:22:54,946.51745,946.6121,2
2024-01-08 02:23:00,946.29843,946.39307,1
2024-01-08 02:23:06,946.42038,946.51502,9
2024-01-08 02:23:12,946.45037,946.54502,7
2024-01-08 02:23:18,946.48251,946.57717,1
2024-01-08 02:23:24,946.47636,946.57101,1
2024-01-08 02:23:30,946.51908,946.61374,1
2024-01-08 02:23:36,946.47534,946.56999,8
2024-01-08 02:23:42,946.47724,946.57189,3
2024-01-08 02:23:48,946.41371,946.50836,2
2024-01-08 02:23:54,946.54847,946.64313,5
2024-01-08 02:24:00,946.46452,946.55917,5
2024-01-08 02:24:06,946.44702,946.54167,1
2024-01-08 02:24:12,946.42742,946.52207,5
2024-01-08 02:24:18,946.51669,946.61135,8
2024-01-08 02:24:24,946.4276,946.52225,4
2024-01-08 02:24:30,946.45491,946.54956,4
2024-01-08 02:24:36,946.50317,946.59783,1
2024-01-08 02:24:42,946.41876,946.51341,5
2024-01-08 02:24:48,946.61115,946.70582,4
2024-01-08 02:24:54,946.52304,946.6177,7
2024-01-08 02:25:00,946.44886,946.54351,6
2024-01-08 02:25:06,946.51113,946.60579,2
2024-01-08 02:25:12,946.43378,946.52843,2
2024-01-08 02:25:18,946.5124,946.60705,4
2024-01-08 02:25:24,946.40977,946.50442,3
2024-01-08 02:25:30,946.47605,946.5707,4
2024-01-08 02:25:36,946.49808,946.59273,9
2024-01-08 02:25:42,946.48595,946.58061,6
2024-01-08 02:25:48,946.49166,946.58631,3
2024-01-08 02:25:54,946.45789,946.55254,4
2024-01-08 02:26:00,946.39443,946.48907,8
2024-01-08 02:26:06,946.41986,946.51451,2
2024-01-08 02:26:12,946.42732,946.52197,4
2024-01-08 02:26:18,946.52939,946.62404,5
2024-01-08 02:26:24,946.4793,946.57395,7
2024-01-08 02:26:30,946.45367,946.54832,2
2024-01-08 02:26:36,946.44495,946.5396,6
2024-01-08 02:26:42,946.49178,946.58644,2
2024-01-08 02:26:48,946.43481,946.52946,3
2024-01-08 02:26:54,946.51365,946.6083,4
2024-01-08 02:27:00,946.51955,946.61421,3
2024-01-08 02:27:06,946.48259,946.57725,9
2024-01-08 02:27:12,946.49719,946.59185,6
2024-01-08 02:27:18,946.47221,946.56686,8
2024-01-08 02:27:24,946.46089,946.55554,3
2024-01-08 02:27:30,946.51224,946.6069,7
2024-01-08 02:27:36,946.43612,946.53077,2
2024-01-08 02:27:42,946.52009,946.61475,4
2024-01-08 02:27:48,946.52909,946.62374,8
2024-01-08 02:27:54,946.49376,946.58841,2
2024-01-08 02:28:00,946.41276,946.5074,6
2024-01-08 02:28:06,946.45383,946.54848,3
2024-01-08 02:28:12,946.53343,946.62809,4
2024-01-08 02:28:18,946.51886,946.61351,4
2024-01-08 02:28:24,946.60236,946.69703,2
2024-01-08 02:28:30,946.4585,946.55315,4
2024-01-08 02:28:36,946.45756,946.55221,8
2024-01-08 02:28:42,946.46269,946.55734,9
2024-01-08 02:28:48,946.41336,946.50801,4
2024-01-08 02:28:54,946.44772,946.54237,3
2024-01-08 02:29:00,946.44892,946.54357,1
2024-01-08 02:29:06,946.42751,946.52216,4
2024-01-08 02:29:12,946.43135,946.526,3
2024-01-08 02:29:18,946.45493,946.54958,7
2024-01-08 02:29:24,946.48726,946.58191,8
2024-01-08 02:29:30,946.43298,946.52762,1
2024-01-08 02:29:36,946.50991,946.60456,3
2024-01-08 02:29:42,946.49041,946.58507,5
2024-01-08 02:29:48,946.44052,946.53517,6
2024-01-08 02:29:54,946.40732,946.50196,5
2024-01-08 02:30:00,946.45132,946.54597,1
2024-01-08 02:30:06,946.44696,946.54161,4
2024-01-08 02:30:12,946.48058,946.57523,3
2024-01-08 02:30:18,946.40634,946.50098,4
2024-01-08 02:30:24,946.43665,946.53129,8
2024-01-08 02:30:30,946.50915,946.6038,3
2024-01-08 02:30:36,946.50412,946.59878,9
2024-01-08 02:30:42,946.45111,946.54576,5
2024-01-08 02:30:48,946.5091,946.60376,8
2024-01-08 02:30:54,946.48611,946.58077,2
2024-01-08 02:31:00,946.45623,946.55088,8
2024-01-08 02:31:06,946.46686,946.56152,6
2024-01-08 02:31:12,946.46281,946.55746,6
2024-01-08 02:31:18,946.47049,946.56514,5
2024-01-08 02:31:24,946.512,946.60665,3
2024-01-08 02:31:30,946.3742,946.46884,1
2024-01-08 02:31:36,946.54602,946.64068,7
2024-01-08 02:31:42,946.45258,946.54723,3
2024-01-08 02:31:48,946.4485,946.54315,1
2024-01-08 02:31:54,946.48036,946.57501,8
2024-01-08 02:32:00,946.45718,946.55183,3
2024-01-08 02:32:06,946.50813,946.60278,5
2024-01-08 02:32:12,946.48629,946.58094,8
2024-01-08 02:32:18,946.50851,946.60316,1
2024-01-08 02:32:24,946.46997,946.56462,7
2024-01-08 02:32:30,946.58248,946.67715,9
2024-01-08 02:32:36,946.45138,946.54603,8
2024-01-08 02:32:42,946.56101,946.65567,8
2024-01-08 02:32:48,946.45598,946.55063,1
2024-01-08 02:32:54,946.56308,946.65774,3
2024-01-08 02:33:00,946.40949,946.50413,9
2024-01-08 02:33:06,946.47509,946.56974,4
2024-01-08 02:33:12,946.50893,946.60358,3
2024-01-08 02:33:18,946.5019,946.59656,5
2024-01-08 02:33:24,946.43972,946.53436,6
2024-01-08 02:33:30,946.49009,946.58475,7
2024-01-08 02:33:36,946.41499,946.50964,9
2024-01-08 02:33:42,946.46075,946.5554,5
2024-01-08 02:33:48,946.38676,946.48141,6
2024-01-08 02:33:54,946.46532,946.55997,9
2024-01-08 02:34:00,946.47041,946.56506,5
2024-01-08 02:34:06,946.44663,946.54128,5
2024-01-08 02:34:12,946.45167,946.54632,4
2024-01-08 02:34:18,946.41907,946.51372,3
2024-01-08 02:34:24,946.47471,946.56936,7
2024-01-08 02:34:30,946.4856,946.58025,5
2024-01-08 02:34:36,946.48748,946.58214,5
2024-01-08 02:34:42,946.40382,946.49847,3
2024-01-08 02:34:48,946.4861,946.58075,5
2024-01-08 02:34:54,946.49119,946.58584,8
2024-01-08 02:35:00,946.63184,946.72651,6
2024-01-08 02:35:06,946.4791,946.57376,5
2024-01-08 02:35:12,946.41431,946.50895,4
2024-01-08 02:35:18,946.41608,946.51072,5
2024-01-08 02:35:24,946.52345,946.61811,8
2024-01-08 02:35:30,946.44149,946.53614,5
2024-01-08 02:35:36,946.36332,946.45796,3
2024-01-08 02:35:42,946.38352,946.47816,1
2024-01-08 02:35:48,946.46948,946.56413,6
2024-01-08 02:35:54,946.49107,946.58573,2
2024-01-08 02:36:00,946.52911,946.62377,5
2024-01-08 02:36:06,946.51573,946.61038,9
2024-01-08 02:36:12,946.49304,946.58769,7
2024-01-08 02:36:18,946.53694,946.6316,4
2024-01-08 02:36:24,946.42259,946.51724,4
2024-01-08 02:36:30,946.4409,946.53555,4
2024-01-08 02:36:36,946.51748,946.61213,1
2024-01-08 02:36:42,946.40092,946.49556,1
2024-01-08 02:36:48,946.4836,946.57825,2
2024-01-08 02:36:54,946.46797,946.56262,1
2024-01-08 02:37:00,946.50763,946.60229,4
2024-01-08 02:37:06,946.46319,946.55784,3
2024-01-08 02:37:12,946.52008,946.61473,2
2024-01-08 02:37:18,946.40351,946.49815,3
2024-01-08 02:37:24,946.4147,946.50935,1
2024-01-08 02:37:30,946.44248,946.53713,8
2024-01-08 02:37:36,946.46858,946.56323,9
2024-01-08 02:37:42,946.47988,946.57453,1
2024-01-08 02:37:48,946.50221,946.59686,8
2024-01-08 02:37:54,946.45091,946.54556,4
2024-01-08 02:38:00,946.4089,946.50354,6
2024-01-08 02:38:06,946.40143,946.49608,1
2024-01-08 02:38:12,946.46327,946.55792,2
2024-01-08 02:38:18,946.46644,946.56109,9
2024-01-08 02:38:24,946.52668,946.62134,7
2024-01-08 02:38:30,946.51602,946.61067,4
2024-01-08 02:38:36,946.45832,946.55297,6
2024-01-08 02:38:42,946.46474,946.55939,9
2024-01-08 02:38:48,946.50695,946.60161,1
2024-01-08 02:38:54,946.38471,946.47935,3
2024-01-08 02:39:00,946.42295,946.5176,2
2024-01-08 02:39:06,946.44486,946.53951,1
2024-01-08 02:39:12,946.46066,946.55531,8
2024-01-08 02:39:18,946.4749,946.56955,7
2024-01-08 02:39:24,946.55195,946.64661,3
2024-01-08 02:39:30,946.44003,946.53468,1
2024-01-08 02:39:36,946.4709,946.56555,1
2024-01-08 02:39:42,946.44245,946.5371,9
2024-01-08 02:39:48,946.41784,946.51248,3
2024-01-08 02:39:54,946.43856,946.53321,5
2024-01-08 02:40:00,946.4686,946.56325,8
2024-01-08 02:40:06,946.46643,946.56108,1
2024-01-08 02:40:12,946.38087,946.47551,2
2024-01-08 02:40:18,946.43204,946.52668,2
2024-01-08 02:40:24,946.49713,946.59179,4
2024-01-08 02:40:30,946.61855,946.71322,3
2024-01-08 02:40:36,946.44766,946.54231,3
2024-01-08 02:40:42,946.52913,946.62378,9
2024-01-08 02:40:48,946.44429,946.53894,4
2024-01-08 02:40:54,946.52493,946.61959,3
2024-01-08 02:41:00,946.43554,946.53019,2
2024-01-08 02:41:06,946.52207,946.61673,9
2024-01-08 02:41:12,946.5264,946.62106,4
2024-01-08 02:41:18,946.48258,946.57723,7
2024-01-08 02:41:24,946.42728,946.52193,9
2024-01-08 02:41:30,946.48336,946.57801,9
2024-01-08 02:41:36,946.437,946.53164,8
2024-01-08 02:41:42,946.45088,946.54553,6
2024-01-08 02:41:48,946.40265,946.4973,1
2024-01-08 02:41:54,946.40939,946.50403,4
2024-01-08 02:42:00,946.50143,946.59609,6
2024-01-08 02:42:06,946.42499,946.51963,1
2024-01-08 02:42:12,946.50064,946.59529,5
2024-01-08 02:42:18,946.48166,946.57632,2
2024-01-08 02:42:24,946.40933,946.50397,9
2024-01-08 02:42:30,946.50129,946.59594,2
2024-01-08 02:42:36,946.51149,946.60614,9
2024-01-08 02:42:42,946.49719,946.59185,8
2024-01-08 02:42:48,946.46232,946.55698,4
2024-01-08 02:42:54,946.51247,946.60713,3
2024-01-08 02:43:00,946.42084,946.51549,5
2024-01-08 02:43:06,946.45201,946.54666,9
2024-01-08 02:43:12,946.42513,946.51978,3
2024-01-08 02:43:18,946.39548,946.49012,6
2024-01-08 02:43:24,946.39793,946.49258,7
2024-01-08 02:43:30,946.42645,946.5211,4
2024-01-08 02:43:36,946.52551,946.62017,1
2024-01-08 02:43:42,946.49266,946.58732,1
2024-01-08 02:43:48,946.45714,946.55179,5
2024-01-08 02:43:54,946.56986,946.66452,2
2024-01-08 02:44:00,946.51374,946.60839,4
2024-01-08 02:44:06,946.55164,946.6463,9
2024-01-08 02:44:12,946.45779,946.55244,3
2024-01-08 02:44:18,946.47076,946.56541,1
2024-01-08 02:44:24,946.40709,946.50174,7
2024-01-08 02:44:30,946.47636,946.57101,4
2024-01-08 02:44:36,946.4822,946.57685,8
2024-01-08 02:44:42,946.36718,946.46182,3
2024-01-08 02:44:48,946.48628,946.58093,4
2024-01-08 02:44:54,946.47366,946.56832,9
2024-01-08 02:45:00,946.5037,946.59835,8
2024-01-08 02:45:06,946.43972,946.53436,2
2024-01-08 02:45:12,946.40331,946.49796,8
2024-01-08 02:45:18,946.50477,946.59943,3
2024-01-08 02:45:24,946.48797,946.58262,8
2024-01-08 02:45:30,946.49297,946.58762,6
2024-01-08 02:45:36,946.52367,946.61832,9
2024-01-08 02:45:42,946.49615,946.59081,8
2024-01-08 02:45:48,946.49076,946.58541,1
2024-01-08 02:45:54,946.51461,946.60927,1
2024-01-08 02:46:00,946.50974,946.6044,5
2024-01-08 02:46:06,946.42628,946.52093,4
2024-01-08 02:46:12,946.39782,946.49246,9
2024-01-08 02:46:18,946.44383,946.53848,8
2024-01-08 02:46:24,946.38814,946.48279,1
2024-01-08 02:46:30,946.55138,946.64604,9
2024-01-08 02:46:36,946.46482,946.55947,4
2024-01-08 02:46:42,946.46918,946.56384,1
2024-01-08 02:46:48,946.42228,946.51692,4
2024-01-08 02:46:54,946.47964,946.57429,3
2024-01-08 02:47:00,946.46346,946.55811,4
2024-01-08 02:47:06,946.49301,946.58766,5
2024-01-08 02:47:12,946.39409,946.48873,5
2024-01-08 02:47:18,946.36171,946.45635,6
2024-01-08 02:47:24,946.45911,946.55376,7
2024-01-08 02:47:30,946.53454,946.6292,2
2024-01-08 02:47:36,946.45969,946.55434,6
2024-01-08 02:47:42,946.44834,946.54299,1
2024-01-08 02:47:48,946.38171,946.47635,2
2024-01-08 02:47:54,946.45659,946.55124,6
2024-01-08 02:48:00,946.48896,946.58361,6
2024-01-08 02:48:06,946.40044,946.49508,5
2024-01-08 02:48:12,946.46873,946.56338,1
2024-01-08 02:48:18,946.46308,946.55773,9
2024-01-08 02:48:24,946.43676,946.53141,7
2024-01-08 02:48:30,946.39216,946.48681,6
2024-01-08 02:48:36,946.47145,946.5661,9
2024-01-08 02:48:42,946.41341,946.50805,4
2024-01-08 02:48:48,946.47808,946.57274,5
2024-01-08 02:48:54,946.43103,946.52568,7
2024-01-08 02:49:00,946.53908,946.63374,8
2024-01-08 02:49:06,946.48633,946.58098,7
2024-01-08 02:49:12,946.45588,946.55053,2
2024-01-08 02:49:18,946.53249,946.62715,4
2024-01-08 02:49:24,946.54458,946.63923,8
2024-01-08 02:49:30,946.48106,946.57572,3
2024-01-08 02:49:36,946.42073,946.51538,4
2024-01-08 02:49:42,946.46265,946.5573,7
2024-01-08 02:49:48,946.46978,946.56443,9
2024-01-08 02:49:54,946.42046,946.5151,6
2024-01-08 02:50:00,946.32205,946.41669,9
2024-01-08 02:50:06,946.53798,946.63264,7
2024-01-08 02:50:12,946.49404,946.58869,2
2024-01-08 02:50:18,946.51352,946.60818,5
2024-01-08 02:50:24,946.39213,946.48678,5
2024-01-08 02:50:30,946.45424,946.54889,9
2024-01-08 02:50:36,946.51145,946.60611,1
2024-01-08 02:50:42,946.45062,946.54527,4
2024-01-08 02:50:48,946.45635,946.551,8
2024-01-08 02:50:54,946.42217,946.51682,3
2024-01-08 02:51:00,946.40044,946.49508,2
2024-01-08 02:51:06,946.52137,946.61603,8
2024-01-08 02:51:12,946.37447,946.46912,4
2024-01-08 02:51:18,946.44706,946.54171,1
2024-01-08 02:51:24,946.40672,946.50137,1
2024-01-08 02:51:30,946.44474,946.53939,5
2024-01-08 02:51:36,946.44,946.53465,4
2024-01-08 02:51:42,946.50218,946.59684,3
2024-01-08 02:51:48,946.41156,946.50621,3
2024-01-08 02:51:54,946.40895,946.5036,5
2024-01-08 02:52:00,946.4881,946.58275,5
2024-01-08 02:52:06,946.42262,946.51727,8
2024-01-08 02:52:12,946.4867,946.58136,5
2024-01-08 02:52:18,946.51957,946.61422,1
2024-01-08 02:52:24,946.44674,946.54138,4
2024-01-08 02:52:30,946.37729,946.47194,7
2024-01-08 02:52:36,946.40723,946.50187,8
2024-01-08 02:52:42,946.45466,946.54931,9
2024-01-08 02:52:48,946.34662,946.44126,9
2024-01-08 02:52:54,946.39759,946.49223,8
2024-01-08 02:53:00,946.44067,946.53532,9
2024-01-08 02:53:06,946.50117,946.59582,3
2024-01-08 02:53:12,946.43835,946.53299,3
2024-01-08 02:53:18,946.41799,946.51263,3
2024-01-08 02:53:24,946.45999,946.55464,7
2024-01-08 02:53:30,946.45376,946.54841,1
2024-01-08 02:53:36,946.48021,946.57487,9
2024-01-08 02:53:42,946.4424,946.53705,6
2024-01-08 02:53:48,946.43072,946.52537,7
2024-01-08 02:53:54,946.37453,946.46917,4
2024-01-08 02:54:00,946.43789,946.53254,2
2024-01-08 02:54:06,946.45416,946.54881,6
2024-01-08 02:54:12,946.42149,946.51613,5
2024-01-08 02:54:18,946.40642,946.50107,9
2024-01-08 02:54:24,946.45478,946.54943,3
2024-01-08 02:54:30,946.46083,946.55548,6
2024-01-08 02:54:36,946.43073,946.52538,2
2024-01-08 02:54:42,946.47236,946.56701,9
2024-01-08 02:54:48,946.45137,946.54602,6
2024-01-08 02:54:54,946.43761,946.53226,1
2024-01-08 02:55:00,946.51139,946.60604,6
2024-01-08 02:55:06,946.45436,946.54901,7
2024-01-08 02:55:12,946.4829,946.57755,1
2024-01-08 02:55:18,946.49978,946.59443,2
2024-01-08 02:55:24,946.49547,946.59013,6
2024-01-08 02:55:30,946.43573,946.53038,1
2024-01-08 02:55:36,946.37905,946.47369,8
2024-01-08 02:55:42,946.51215,946.60681,1
2024-01-08 02:55:48,946.38923,946.48388,4
2024-01-08 02:55:54,946.40758,946.50223,5
2024-01-08 02:56:00,946.50452,946.59918,1
2024-01-08 02:56:06,946.48307,946.57772,9
2024-01-08 02:56:12,946.47227,946.56692,6
2024-01-08 02:56:18,946.48109,946.57574,8
2024-01-08 02:56:24,946.45167,946.54632,5
2024-01-08 02:56:30,946.33592,946.43056,6
2024-01-08 02:56:36,946.38119,946.47583,2
2024-01-08 02:56:42,946.46505,946.55971,3
2024-01-08 02:56:48,946.46159,946.55624,1
2024-01-08 02:56:54,946.39331,946.48795,7
2024-01-08 02:57:00,946.37636,946.47101,4
2024-01-08 02:57:06,946.48148,946.57613,8
2024-01-08 02:57:12,946.42003,946.51468,6
2024-01-08 02:57:18,946.40865,946.5033,9
2024-01-08 02:57:24,946.3912,946.48585,3
2024-01-08 02:57:30,946.47691,946.57156,8
2024-01-08 02:57:36,946.34936,946.444,2
2024-01-08 02:57:42,946.49782,946.59247,9
2024-01-08 02:57:48,946.43161,946.52626,1
2024-01-08 02:57:54,946.43975,946.5344,3
2024-01-08 02:58:00,946.31912,946.41376,2
2024-01-08 02:58:06,946.39016,946.48481,3
2024-01-08 02:58:12,946.44991,946.54456,1
2024-01-08 02:58:18,946.45742,946.55207,6
2024-01-08 02:58:24,946.44378,946.53843,6
2024-01-08 02:58:30,946.4376,946.53224,3
2024-01-08 02:58:36,946.35706,946.4517,3
2024-01-08 02:58:42,946.4521,946.54675,8
2024-01-08 02:58:48,946.50744,946.6021,9
2024-01-08 02:58:54,946.51362,946.60827,5
2024-01-08 02:59:00,946.47287,946.56752,2
2024-01-08 02:59:06,946.38695,946.48159,4
2024-01-08 02:59:12,946.46903,946.56368,9
2024-01-08 02:59:18,946.49004,946.5847,2
2024-01-08 02:59:24,946.39417,946.48881,9
2024-01-08 02:59:30,946.42835,946.523,2
2024-01-08 02:59:36,946.42725,946.5219,1
2024-01-08 02:59:42,946.43705,946.5317,7
2024-01-08 02:59:48,946.45581,946.55046,8
2024-01-08 02:59:54,946.41117,946.50582,3
2024-01-08 03:00:00,946.42829,946.52294,9
2024-01-08 03:00:06,946.43567,946.53031,4
2024-01-08 03:00:12,946.38089,946.47553,3
2024-01-08 03:00:18,946.4883,946.58296,6
2024-01-08 03:00:24,946.48755,946.58221,7
2024-01-08 03:00:30,946.53451,946.62917,9
2024-01-08 03:00:36,946.44986,946.54451,2
2024-01-08 03:00:42,946.41652,946.51116,8
2024-01-08 03:00:48,946.52335,946.618,6
2024-01-08 03:00:54,946.46725,946.5619,2
2024-01-08 03:01:00,946.45127,946.54592,8
2024-01-08 03:01:06,946.43263,946.52728,3
2024-01-08 03:01:12,946.48491,946.57956,7
2024-01-08 03:01:18,946.46639,946.56104,4
2024-01-08 03:01:24,946.37787,946.47252,3
2024-01-08 03:01:30,946.49737,946.59203,4
2024-01-08 03:01:36,946.4397,946.53435,3
2024-01-08 03:01:42,946.4564,946.55105,9
2024-01-08 03:01:48,946.4315,946.52615,2
2024-01-08 03:01:54,946.39226,946.4869,5
2024-01-08 03:02:00,946.49488,946.58953,8
2024-01-08 03:02:06,946.51771,946.61237,6
2024-01-08 03:02:12,946.3939,946.48854,8
2024-01-08 03:02:18,946.34044,946.43508,7
2024-01-08 03:02:24,946.40536,946.5,7
2024-01-08 03:02:30,946.42783,946.52248,6
2024-01-08 03:02:36,946.48142,946.57607,9
2024-01-08 03:02:42,946.35213,946.44677,8
2024-01-08 03:02:48,946.46402,946.55867,8
2024-01-08 03:02:54,946.35269,946.44733,8
2024-01-08 03:03:00,946.40245,946.4971,9
2024-01-08 03:03:06,946.4666,946.56125,9
2024-01-08 03:03:12,946.56896,946.66362,3
2024-01-08 03:03:18,946.43544,946.53009,2
2024-01-08 03:03:24,946.42845,946.5231,1
2024-01-08 03:03:30,946.39286,946.48751,7
2024-01-08 03:03:36,946.51565,946.61031,2
2024-01-08 03:03:42,946.47225,946.5669,2
2024-01-08 03:03:48,946.38305,946.47769,4
2024-01-08 03:03:54,946.2978,946.39243,1
2024-01-08 03:04:00,946.47898,946.57364,2
2024-01-08 03:04:06,946.43422,946.52887,5
2024-01-08 03:04:12,946.51836,946.61302,4
2024-01-08 03:04:18,946.3729,946.46754,9
2024-01-08 03:04:24,946.44486,946.53951,5
2024-01-08 03:04:30,946.4156,946.51025,3
2024-01-08 03:04:36,946.45465,946.5493,4
2024-01-08 03:04:42,946.48656,946.58121,5
2024-01-08 03:04:48,946.4917,946.58636,6
2024-01-08 03:04:54,946.46571,946.56036,4
2024-01-08 03:05:00,946.43719,946.53184,2
2024-01-08 03:05:06,946.42756,946.52221,6
2024-01-08 03:05:12,946.47662,946.57127,2
2024-01-08 03:05:18,946.50236,946.59702,1
2024-01-08 03:05:24,946.43377,946.52841,9
2024-01-08 03:05:30,946.47598,946.57063,9
2024-01-08 03:05:36,946.38088,946.47552,8
2024-01-08 03:05:42,946.3917,946.48634,7
2024-01-08 03:05:48,946.38504,946.47969,4
2024-01-08 03:05:54,946.39321,946.48786,7
2024-01-08 03:06:00,946.37636,946.471,6
2024-01-08 03:06:06,946.4367,946.53135,5
2024-01-08 03:06:12,946.50624,946.6009,6
2024-01-08 03:06:18,946.44567,946.54032,8
2024-01-08 03:06:24,946.49662,946.59127,5
2024-01-08 03:06:30,946.36225,946.45689,6
2024-01-08 03:06:36,946.41853,946.51318,1
2024-01-08 03:06:42,946.44045,946.5351,6
2024-01-08 03:06:48,946.40306,946.4977,3
2024-01-08 03:06:54,946.40193,946.49657,1
2024-01-08 03:07:00,946.4157,946.51034,7
2024-01-08 03:07:06,946.38391,946.47855,2
2024-01-08 03:07:12,946.32298,946.41762,8
2024-01-08 03:07:18,946.36135,946.45599,4
2024-01-08 03:07:24,946.45178,946.54643,2
2024-01-08 03:07:30,946.49851,946.59317,5
2024-01-08 03:07:36,946.4722,946.56685,7
2024-01-08 03:07:42,946.48942,946.58408,1
2024-01-08 03:07:48,946.34929,946.44393,6
2024-01-08 03:07:54,946.34317,946.43781,1
2024-01-08 03:08:00,946.35246,946.4471,4
2024-01-08 03:08:06,946.46802,946.56267,8
2024-01-08 03:08:12,946.42252,946.51717,8
2024-01-08 03:08:18,946.42947,946.52412,2
2024-01-08 03:08:24,946.44849,946.54314,4
2024-01-08 03:08:30,946.54212,946.63678,1
2024-01-08 03:08:36,946.37465,946.4693,4
2024-01-08 03:08:42,946.34756,946.4422,9
2024-01-08 03:08:48,946.40532,946.49996,1
2024-01-08 03:08:54,946.41006,946.5047,8
2024-01-08 03:09:00,946.47332,946.56798,5
2024-01-08 03:09:06,946.44416,946.53881,2
2024-01-08 03:09:12,946.4119,946.50655,3
2024-01-08 03:09:18,946.3589,946.45354,7
2024-01-08 03:09:24,946.40049,946.49514,2
2024-01-08 03:09:30,946.4275,946.52215,7
2024-01-08 03:09:36,946.5014,946.59606,2
2024-01-08 03:09:42,946.38893,946.48357,8
2024-01-08 03:09:48,946.48013,946.57479,6
2024-01-08 03:09:54,946.4224,946.51704,7
2024-01-08 03:10:00,946.46075,946.5554,5
2024-01-08 03:10:06,946.51861,946.61326,4
2024-01-08 03:10:12,946.34555,946.44019,9
2024-01-08 03:10:18,946.51627,946.61092,5
2024-01-08 03:10:24,946.41206,946.50671,7
2024-01-08 03:10:30,946.38189,946.47654,7
2024-01-08 03:10:36,946.37259,946.46723,3
2024-01-08 03:10:42,946.49104,946.58569,7
2024-01-08 03:10:48,946.44025,946.5349,5
2024-01-08 03:10:54,946.41678,946.51143,4
2024-01-08 03:11:00,946.44521,946.53986,2
2024-01-08 03:11:06,946.44092,946.53556,5
2024-01-08 03:11:12,946.44436,946.53901,7
2024-01-08 03:11:18,946.43271,946.52736,3
2024-01-08 03:11:24,946.41625,946.5109,9
2024-01-08 03:11:30,946.45383,946.54848,6
2024-01-08 03:11:36,946.45269,946.54734,3
2024-01-08 03:11:42,946.49223,946.58689,2
2024-01-08 03:11:48,946.4186,946.51324,4
2024-01-08 03:11:54,946.42162,946.51627,5
2024-01-08 03:12:00,946.40738,946.50202,3
2024-01-08 03:12:06,946.47124,946.56589,1
2024-01-08 03:12:12,946.37243,946.46708,6
2024-01-08 03:12:18,946.4449,946.53955,6
2024-01-08 03:12:24,946.40084,946.49548,2
2024-01-08 03:12:30,946.4827,946.57735,8
2024-01-08 03:12:36,946.40466,946.49931,6
2024-01-08 03:12:42,946.53474,946.6294,6
2024-01-08 03:12:48,946.35214,946.44678,7
2024-01-08 03:12:54,946.51052,946.60517,3
2024-01-08 03:13:00,946.42585,946.52049,3
2024-01-08 03:13:06,946.32653,946.42117,1
2024-01-08 03:13:12,946.39756,946.49221,3
2024-01-08 03:13:18,946.43434,946.52899,8
2024-01-08 03:13:24,946.35551,946.45015,5
2024-01-08 03:13:30,946.37974,946.47439,9
2024-01-08 03:13:36,946.46666,946.56131,4
2024-01-08 03:13:42,946.38945,946.4841,8
2024-01-08 03:13:48,946.4551,946.54975,8
2024-01-08 03:13:54,946.42852,946.52316,2
2024-01-08 03:14:00,946.54616,946.64082,8
2024-01-08 03:14:06,946.44342,946.53807,5
2024-01-08 03:14:12,946.45358,946.54823,4
2024-01-08 03:14:18,946.37254,946.46718,5
2024-01-08 03:14:24,946.40362,946.49826,7
2024-01-08 03:14:30,946.41845,946.51309,3
2024-01-08 03:14:36,946.38983,946.48447,5
2024-01-08 03:14:42,946.43659,946.53124,4
2024-01-08 03:14:48,946.31956,946.4142,5
2024-01-08 03:14:54,946.3545,946.44914,6
2024-01-08 03:15:00,946.43574,946.53039,7
2024-01-08 03:15:06,946.44331,946.53796,5
2024-01-08 03:15:12,946.42708,946.52173,5
2024-01-08 03:15:18,946.44877,946.54342,1
2024-01-08 03:15:24,946.40162,946.49627,3
2024-01-08 03:15:30,946.47576,946.57042,4
2024-01-08 03:15:36,946.43478,946.52943,6
2024-01-08 03:15:42,946.49561,946.59027,2
2024-01-08 03:15:48,946.3607,946.45534,2
2024-01-08 03:15:54,946.42978,946.52443,2
2024-01-08 03:16:00,946.48457,946.57922,7
2024-01-08 03:16:06,946.38377,946.47842,2
2024-01-08 03:16:12,946.44484,946.53949,5
2024-01-08 03:16:18,946.49739,946.59205,5
2024-01-08 03:16:24,946.341,946.43563,3
2024-01-08 03:16:30,946.54578,946.64044,9
2024-01-08 03:16:36,946.36663,946.46127,3
2024-01-08 03:16:42,946.41919,946.51384,7
2024-01-08 03:16:48,946.50094,946.5956,9
2024-01-08 03:16:54,946.39331,946.48795,3
2024-01-08 03:17:00,946.44615,946.5408,4
2024-01-08 03:17:06,946.41833,946.51298,6
2024-01-08 03:17:12,946.33776,946.43239,2
2024-01-08 03:17:18,946.37815,946.47279,5
2024-01-08 03:17:24,946.32294,946.41758,1
2024-01-08 03:17:30,946.3987,946.49334,6
2024-01-08 03:17:36,946.42616,946.52081,5
2024-01-08 03:17:42,946.4223,946.51695,2
2024-01-08 03:17:48,946.42303,946.51768,3
2024-01-08 03:17:54,946.42642,946.52106,3
2024-01-08 03:18:00,946.41554,946.51019,2
2024-01-08 03:18:06,946.43831,946.53296,3
2024-01-08 03:18:12,946.50867,946.60332,6
2024-01-08 03:18:18,946.42013,946.51477,6
2024-01-08 03:18:24,946.39054,946.48518,5
2024-01-08 03:18:30,946.42856,946.52321,9
2024-01-08 03:18:36,946.46037,946.55502,3
2024-01-08 03:18:42,946.42622,946.52087,6
2024-01-08 03:18:48,946.38639,946.48103,4
2024-01-08 03:18:54,946.35591,946.45055,3
2024-01-08 03:19:00,946.50897,946.60363,2
2024-01-08 03:19:06,946.46561,946.56027,8
2024-01-08 03:19:12,946.41525,946.5099,6
2024-01-08 03:19:18,946.36933,946.46398,7
2024-01-08 03:19:24,946.34698,946.44162,4
2024-01-08 03:19:30,946.42082,946.51547,1
2024-01-08 03:19:36,946.45455,946.5492,6
2024-01-08 03:19:42,946.47344,946.56809,3
2024-01-08 03:19:48,946.46853,946.56318,6
2024-01-08 03:19:54,946.48827,946.58292,8
2024-01-08 03:20:00,946.47182,946.56647,2
2024-01-08 03:20:06,946.45379,946.54844,9
2024-01-08 03:20:12,946.42444,946.51909,7
2024-01-08 03:20:18,946.41332,946.50796,1
2024-01-08 03:20:24,946.40278,946.49742,6
2024-01-08 03:20:30,946.43222,946.52687,9
2024-01-08 03:20:36,946.55755,946.65221,7
2024-01-08 03:20:42,946.38517,946.47981,5
2024-01-08 03:20:48,946.45629,946.55095,1
2024-01-08 03:20:54,946.38334,946.47799,8
2024-01-08 03:21:00,946.51055,946.6052,3
2024-01-08 03:21:06,946.43133,946.52598,3
2024-01-08 03:21:12,946.42447,946.51912,8
2024-01-08 03:21:18,946.35989,946.45453,3
2024-01-08 03:21:24,946.44977,946.54442,5
2024-01-08 03:21:30,946.39855,946.4932,3
2024-01-08 03:21:36,946.42297,946.51762,5
2024-01-08 03:21:42,946.30298,946.39762,6
2024-01-08 03:21:48,946.43429,946.52894,7
2024-01-08 03:21:54,946.39606,946.4907,7
2024-01-08 03:22:00,946.46316,946.55781,1
2024-01-08 03:22:06,946.40871,946.50336,3
2024-01-08 03:22:12,946.43362,946.52827,7
2024-01-08 03:22:18,946.48513,946.57979,1
2024-01-08 03:22:24,946.42041,946.51505,8
2024-01-08 03:22:30,946.50259,946.59725,6
2024-01-08 03:22:36,946.40331,946.49795,3
2024-01-08 03:22:42,946.4946,946.58925,8
2024-01-08 03:22:48,946.30408,946.39872,8
2024-01-08 03:22:54,946.47013,946.56478,5
2024-01-08 03:23:00,946.37034,946.46498,3
2024-01-08 03:23:06,946.43168,946.52633,4
2024-01-08 03:23:12,946.46955,946.5642,1
2024-01-08 03:23:18,946.37979,946.47443,7
2024-01-08 03:23:24,946.41876,946.5134,4
2024-01-08 03:23:30,946.46826,946.56292,6
2024-01-08 03:23:36,946.39701,946.49165,1
2024-01-08 03:23:42,946.49159,946.58624,1
2024-01-08 03:23:48,946.39554,946.49018,4
2024-01-08 03:23:54,946.44912,946.54377,5
2024-01-08 03:24:00,946.36471,946.45935,1
2024-01-08 03:24:06,946.40518,946.49982,4
2024-01-08 03:24:12,946.45286,946.54751,4
2024-01-08 03:24:18,946.4639,946.55855,1
2024-01-08 03:24:24,946.39784,946.49248,2
2024-01-08 03:24:30,946.40367,946.49831,8
2024-01-08 03:24:36,946.51549,946.61014,4
2024-01-08 03:24:42,946.38192,946.47656,5
2024-01-08 03:24:48,946.43946,946.5341,1
2024-01-08 03:24:54,946.38839,946.48304,8
2024-01-08 03:25:00,946.41443,946.50908,3
2024-01-08 03:25:06,946.33592,946.43056,2
2024-01-08 03:25:12,946.40746,946.50211,8
2024-01-08 03:25:18,946.41041,946.50505,1
2024-01-08 03:25:24,946.3313,946.42594,6
2024-01-08 03:25:30,946.46515,946.5598,8
2024-01-08 03:25:36,946.45081,946.54546,4
2024-01-08 03:25:42,946.4869,946.58155,4
2024-01-08 03:25:48,946.5211,946.61576,2
2024-01-08 03:25:54,946.35505,946.44969,2
2024-01-08 03:26:00,946.38899,946.48363,2
2024-01-08 03:26:06,946.34743,946.44207,9
2024-01-08 03:26:12,946.3971,946.49174,5
2024-01-08 03:26:18,946.35223,946.44687,6
2024-01-08 03:26:24,946.44086,946.5355,9
2024-01-08 03:26:30,946.38916,946.4838,8
2024-01-08 03:26:36,946.41511,946.50976,7
2024-01-08 03:26:42,946.41157,946.50622,8
2024-01-08 03:26:48,946.49392,946.58857,8
2024-01-08 03:26:54,946.27316,946.3678,4
2024-01-08 03:27:00,946.40979,946.50443,3
2024-01-08 03:27:06,946.42662,946.52127,6
2024-01-08 03:27:12,946.44448,946.53913,4
2024-01-08 03:27:18,946.4562,946.55085,9
2024-01-08 03:27:24,946.44229,946.53693,2
2024-01-08 03:27:30,946.38369,946.47833,1
2024-01-08 03:27:36,946.35424,946.44888,2
2024-01-08 03:27:42,946.37106,946.4657,2
2024-01-08 03:27:48,946.34749,946.44213,2
2024-01-08 03:27:54,946.38659,946.48124,8
2024-01-08 03:28:00,946.32965,946.42429,8
2024-01-08 03:28:06,946.33927,946.43391,5
2024-01-08 03:28:12,946.42227,946.51692,3
2024-01-08 03:28:18,946.47442,946.56907,8
2024-01-08 03:28:24,946.3679,946.46254,5
2024-01-08 03:28:30,946.49612,946.59078,8
2024-01-08 03:28:36,946.39466,946.48931,4
2024-01-08 03:28:42,946.39596,946.4906,8
2024-01-08 03:28:48,946.4532,946.54785,7
2024-01-08 03:28:54,946.4362,946.53084,2
2024-01-08 03:29:00,946.33498,946.42962,7
2024-01-08 03:29:06,946.40914,946.50379,9
2024-01-08 03:29:12,946.39865,946.49329,1
2024-01-08 03:29:18,946.44586,946.54051,6
2024-01-08 03:29:24,946.37332,946.46796,8
2024-01-08 03:29:30,946.41413,946.50878,6
2024-01-08 03:29:36,946.39885,946.4935,9
2024-01-08 03:29:42,946.34692,946.44156,1
2024-01-08 03:29:48,946.4224,946.51705,3
2024-01-08 03:29:54,946.37289,946.46754,4
2024-01-08 03:30:00,946.4315,946.52615,7
2024-01-08 03:30:06,946.4943,946.58895,4
2024-01-08 03:30:12,946.48114,946.57579,1
2024-01-08 03:30:18,946.46158,946.55623,5
2024-01-08 03:30:24,946.40666,946.5013,3
2024-01-08 03:30:30,946.47846,946.57312,4
2024-01-08 03:30:36,946.37619,946.47083,2
2024-01-08 03:30:42,946.42673,946.52138,3
2024-01-08 03:30:48,946.38995,946.4846,9
2024-01-08 03:30:54,946.41082,946.50546,6
2024-01-08 03:31:00,946.41675,946.5114,6
2024-01-08 03:31:06,946.43057,946.52522,6
2024-01-08 03:31:12,946.38388,946.47853,3
2024-01-08 03:31:18,946.36639,946.46103,6
2024-01-08 03:31:24,946.47135,946.566,2
2024-01-08 03:31:30,946.35965,946.45429,7
2024-01-08 03:31:36,946.40817,946.50282,6
2024-01-08 03:31:42,946.38049,946.47513,8
2024-01-08 03:31:48,946.35517,946.44981,7
2024-01-08 03:31:54,946.41739,946.51203,6
2024-01-08 03:32:00,946.46716,946.56181,8
2024-01-08 03:32:06,946.39273,946.48737,6
2024-01-08 03:32:12,946.42957,946.52422,9
2024-01-08 03:32:18,946.37411,946.46876,7
2024-01-08 03:32:24,946.44523,946.53988,2
2024-01-08 03:32:30,946.32313,946.41777,4
2024-01-08 03:32:36,946.4357,946.53035,7
2024-01-08 03:32:42,946.36187,946.45651,5
2024-01-08 03:32:48,946.42325,946.51789,2
2024-01-08 03:32:54,946.36254,946.45718,2
2024-01-08 03:33:00,946.30469,946.39932,1
2024-01-08 03:33:06,946.51913,946.61378,6
2024-01-08 03:33:12,946.31242,946.40705,2
2024-01-08 03:33:18,946.43237,946.52702,5
2024-01-08 03:33:24,946.3278,946.42244,3
2024-01-08 03:33:30,946.36322,946.45786,7
2024-01-08 03:33:36,946.30873,946.40336,2
2024-01-08 03:33:42,946.32579,946.42043,4
2024-01-08 03:33:48,946.40168,946.49633,6
2024-01-08 03:33:54,946.36528,946.45993,7
2024-01-08 03:34:00,946.45774,946.55239,8
2024-01-08 03:34:06,946.43507,946.52972,9
2024-01-08 03:34:12,946.40097,946.49561,4
2024-01-08 03:34:18,946.40221,946.49685,4
2024-01-08 03:34:24,946.43718,946.53182,5
2024-01-08 03:34:30,946.47156,946.56621,2
2024-01-08 03:34:36,946.41078,946.50542,4
2024-01-08 03:34:42,946.34907,946.44371,1
2024-01-08 03:34:48,946.43125,946.5259,2
2024-01-08 03:34:54,946.36452,946.45917,7
2024-01-08 03:35:00,946.36397,946.45861,1
2024-01-08 03:35:06,946.48014,946.57479,8
2024-01-08 03:35:12,946.38111,946.47575,2
2024-01-08 03:35:18,946.40778,946.50243,8
2024-01-08 03:35:24,946.40739,946.50203,1
2024-01-08 03:35:30,946.36573,946.46037,1
2024-01-08 03:35:36,946.40565,946.50029,6
2024-01-08 03:35:42,946.43502,946.52967,6
2024-01-08 03:35:48,946.40994,946.50459,2
2024-01-08 03:35:54,946.33481,946.42945,9
2024-01-08 03:36:00,946.39881,946.49345,5
2024-01-08 03:36:06,946.34373,946.43837,1
2024-01-08 03:36:12,946.42601,946.52066,4
2024-01-08 03:36:18,946.37378,946.46842,7
2024-01-08 03:36:24,946.40858,946.50322,4
2024-01-08 03:36:30,946.48257,946.57722,4
2024-01-08 03:36:36,946.50609,946.60075,6
2024-01-08 03:36:42,946.43352,946.52816,5
2024-01-08 03:36:48,946.46678,946.56143,3
2024-01-08 03:36:54,946.37456,946.46921,2
2024-01-08 03:37:00,946.44128,946.53593,1
2024-01-08 03:37:06,946.43479,946.52944,2
2024-01-08 03:37:12,946.49092,946.58557,3
2024-01-08 03:37:18,946.4346,946.52925,4
2024-01-08 03:37:24,946.3993,946.49395,2
2024-01-08 03:37:30,946.32032,946.41496,2
2024-01-08 03:37:36,946.40049,946.49513,5
2024-01-08 03:37:42,946.51155,946.60621,2
2024-01-08 03:37:48,946.48584,946.5805,3
2024-01-08 03:37:54,946.31848,946.41312,5
2024-01-08 03:38:00,946.38548,946.48013,5
2024-01-08 03:38:06,946.40646,946.50111,5
2024-01-08 03:38:12,946.42637,946.52102,5
2024-01-08 03:38:18,946.38893,946.48357,2
2024-01-08 03:38:24,946.38044,946.47508,1
2024-01-08 03:38:30,946.37687,946.47151,4
2024-01-08 03:38:36,946.4455,946.54015,7
2024-01-08 03:38:42,946.46765,946.56231,5
2024-01-08 03:38:48,946.47093,946.56559,1
2024-01-08 03:38:54,946.43033,946.52498,6
2024-01-08 03:39:00,946.36801,946.46265,9
2024-01-08 03:39:06,946.44572,946.54037,7
2024-01-08 03:39:12,946.32135,946.41599,3
2024-01-08 03:39:18,946.40127,946.49591,6
2024-01-08 03:39:24,946.36107,946.45571,7
2024-01-08 03:39:30,946.41942,946.51407,9
2024-01-08 03:39:36,946.38986,946.4845,8
2024-01-08 03:39:42,946.38795,946.48259,7
2024-01-08 03:39:48,946.37955,946.47419,4
2024-01-08 03:39:54,946.34986,946.4445,4
2024-01-08 03:40:00,946.47144,946.56609,4
2024-01-08 03:40:06,946.43173,946.52638,1
2024-01-08 03:40:12,946.42061,946.51526,9
2024-01-08 03:40:18,946.3983,946.49295,3
2024-01-08 03:40:24,946.4623,946.55695,6
2024-01-08 03:40:30,946.40955,946.50419,2
2024-01-08 03:40:36,946.42009,946.51474,8
2024-01-08 03:40:42,946.42359,946.51824,1
2024-01-08 03:40:48,946.35043,946.44507,5
2024-01-08 03:40:54,946.4074,946.50205,6
2024-01-08 03:41:00,946.39191,946.48655,3
2024-01-08 03:41:06,946.36066,946.4553,9
2024-01-08 03:41:12,946.37141,946.46605,2
2024-01-08 03:41:18,946.4001,946.49474,6
2024-01-08 03:41:24,946.31413,946.40876,8
2024-01-08 03:41:30,946.36768,946.46232,5
2024-01-08 03:41:36,946.45458,946.54923,3
2024-01-08 03:41:42,946.4283,946.52294,2
2024-01-08 03:41:48,946.47672,946.57137,2
2024-01-08 03:41:54,946.41231,946.50695,8
2024-01-08 03:42:00,946.33844,946.43308,6
2024-01-08 03:42:06,946.3847,946.47935,8
2024-01-08 03:42:12,946.28514,946.37978,8
2024-01-08 03:42:18,946.37328,946.46792,4
2024-01-08 03:42:24,946.50469,946.59935,3
2024-01-08 03:42:30,946.42335,946.51799,8
2024-01-08 03:42:36,946.41328,946.50792,3
2024-01-08 03:42:42,946.42651,946.52116,4
2024-01-08 03:42:48,946.33319,946.42783,8
2024-01-08 03:42:54,946.47813,946.57279,7
2024-01-08 03:43:00,946.41791,946.51255,8
2024-01-08 03:43:06,946.3522,946.44684,5
2024-01-08 03:43:12,946.31084,946.40547,4
2024-01-08 03:43:18,946.39762,946.49226,5
2024-01-08 03:43:24,946.36473,946.45937,1
2024-01-08 03:43:30,946.37563,946.47027,7
2024-01-08 03:43:36,946.35717,946.45181,3
2024-01-08 03:43:42,946.43159,946.52623,2
2024-01-08 03:43:48,946.3485,946.44314,7
2024-01-08 03:43:54,946.33629,946.43093,9
2024-01-08 03:44:00,946.34093,946.43557,7
2024-01-08 03:44:06,946.40509,946.49973,8
2024-01-08 03:44:12,946.41449,946.50913,3
2024-01-08 03:44:18,946.42267,946.51732,7
2024-01-08 03:44:24,946.44501,946.53966,8
2024-01-08 03:44:30,946.38132,946.47597,8
2024-01-08 03:44:36,946.37459,946.46924,6
2024-01-08 03:44:42,946.31521,946.40984,1
2024-01-08 03:44:48,946.38418,946.47883,4
2024-01-08 03:44:54,946.41572,946.51036,6
2024-01-08 03:45:00,946.39831,946.49296,1
2024-01-08 03:45:06,946.36556,946.4602,6
2024-01-08 03:45:12,946.40658,946.50123,5
2024-01-08 03:45:18,946.32514,946.41978,6
2024-01-08 03:45:24,946.35958,946.45422,4
2024-01-08 03:45:30,946.41384,946.50849,3
2024-01-08 03:45:36,946.46746,946.56212,9
2024-01-08 03:45:42,946.37935,946.47399,9
2024-01-08 03:45:48,946.4099,946.50454,1
2024-01-08 03:45:54,946.38207,946.47671,8
2024-01-08 03:46:00,946.41156,946.50621,4
2024-01-08 03:46:06,946.33882,946.43346,6
2024-01-08 03:46:12,946.43192,946.52657,8
2024-01-08 03:46:18,946.36287,946.45751,3
2024-01-08 03:46:24,946.35092,946.44556,1
2024-01-08 03:46:30,946.382,946.47665,4
2024-01-08 03:46:36,946.45746,946.55211,6
2024-01-08 03:46:42,946.44363,946.53828,9
2024-01-08 03:46:48,946.41487,946.50951,9
2024-01-08 03:46:54,946.485,946.57965,9
2024-01-08 03:47:00,946.392,946.48664,1
2024-01-08 03:47:06,946.46339,946.55804,8
2024-01-08 03:47:12,946.36316,946.4578,6
2024-01-08 03:47:18,946.35167,946.44631,3
2024-01-08 03:47:24,946.42128,946.51593,1
2024-01-08 03:47:30,946.40885,946.50349,7
2024-01-08 03:47:36,946.37565,946.47029,7
2024-01-08 03:47:42,946.39776,946.49241,9
2024-01-08 03:47:48,946.40006,946.4947,8
2024-01-08 03:47:54,946.36089,946.45553,7
2024-01-08 03:48:00,946.3915,946.48614,3
2024-01-08 03:48:06,946.49445,946.58911,3
2024-01-08 03:48:12,946.35791,946.45255,2
2024-01-08 03:48:18,946.32515,946.41978,2
2024-01-08 03:48:24,946.43074,946.52539,6
2024-01-08 03:48:30,946.45101,946.54566,6
2024-01-08 03:48:36,946.3267,946.42134,7
2024-01-08 03:48:42,946.44557,946.54022,3
2024-01-08 03:48:48,946.27732,946.37195,2
2024-01-08 03:48:54,946.41007,946.50471,4
2024-01-08 03:49:00,946.35847,946.45311,3
2024-01-08 03:49:06,946.46738,946.56203,6
2024-01-08 03:49:12,946.35335,946.44799,3
2024-01-08 03:49:18,946.32592,946.42055,7
2024-01-08 03:49:24,946.40852,946.50317,3
2024-01-08 03:49:30,946.33026,946.4249,3
2024-01-08 03:49:36,946.26372,946.35836,6
2024-01-08 03:49:42,946.33732,946.43195,6
2024-01-08 03:49:48,946.45255,946.5472,8
2024-01-08 03:49:54,946.38919,946.48383,9
2024-01-08 03:50:00,946.25506,946.34969,7
2024-01-08 03:50:06,946.45746,946.55211,3
2024-01-08 03:50:12,946.3901,946.48474,5
2024-01-08 03:50:18,946.3457,946.44034,2
2024-01-08 03:50:24,946.36346,946.4581,1
2024-01-08 03:50:30,946.34551,946.44015,4
2024-01-08 03:50:36,946.48533,946.57998,4
2024-01-08 03:50:42,946.34408,946.43872,4
2024-01-08 03:50:48,946.36907,946.46372,9
2024-01-08 03:50:54,946.346,946.44064,9
2024-01-08 03:51:00,946.43725,946.53189,1
2024-01-08 03:51:06,946.39254,946.48718,3
2024-01-08 03:51:12,946.36541,946.46005,5
2024-01-08 03:51:18,946.35409,946.44873,6
2024-01-08 03:51:24,946.34268,946.43732,3
2024-01-08 03:51:30,946.41979,946.51443,8
2024-01-08 03:51:36,946.37544,946.47008,6
2024-01-08 03:51:42,946.39125,946.48589,4
2024-01-08 03:51:48,946.37075,946.46539,7
2024-01-08 03:51:54,946.41267,946.50731,8
2024-01-08 03:52:00,946.35845,946.45309,8
2024-01-08 03:52:06,946.35207,946.44671,5
2024-01-08 03:52:12,946.375,946.46964,1
2024-01-08 03:52:18,946.35565,946.45029,6
2024-01-08 03:52:24,946.4418,946.53645,5
2024-01-08 03:52:30,946.45541,946.55006,7
2024-01-08 03:52:36,946.36955,946.46419,8
2024-01-08 03:52:42,946.43936,946.534,5
2024-01-08 03:52:48,946.3909,946.48554,4
2024-01-08 03:52:54,946.38914,946.48379,3
2024-01-08 03:53:00,946.30441,946.39904,1
2024-01-08 03:53:06,946.42723,946.52188,7
2024-01-08 03:53:12,946.35331,946.44795,7
2024-01-08 03:53:18,946.38313,946.47777,7
2024-01-08 03:53:24,946.482,946.57665,7
2024-01-08 03:53:30,946.3875,946.48214,6
2024-01-08 03:53:36,946.42589,946.52053,7
2024-01-08 03:53:42,946.41696,946.5116,3
2024-01-08 03:53:48,946.35848,946.45312,2
2024-01-08 03:53:54,946.44823,946.54288,9
2024-01-08 03:54:00,946.3637,946.45834,1
2024-01-08 03:54:06,946.36593,946.46057,6
2024-01-08 03:54:12,946.35115,946.44579,6
2024-01-08 03:54:18,946.36259,946.45723,3
2024-01-08 03:54:24,946.40887,946.50352,6
2024-01-08 03:54:30,946.31959,946.41422,7
2024-01-08 03:54:36,946.43361,946.52826,3
2024-01-08 03:54:42,946.39062,946.48526,3
2024-01-08 03:54:48,946.42436,946.51901,8
2024-01-08 03:54:54,946.37263,946.46727,4
2024-01-08 03:55:00,946.41334,946.50798,4
2024-01-08 03:55:06,946.38764,946.48229,8
2024-01-08 03:55:12,946.37689,946.47154,2
2024-01-08 03:55:18,946.41189,946.50654,2
2024-01-08 03:55:24,946.37549,946.47014,9
2024-01-08 03:55:30,946.34382,946.43846,1
2024-01-08 03:55:36,946.48821,946.58287,9
2024-01-08 03:55:42,946.31131,946.40594,6
2024-01-08 03:55:48,946.4348,946.52944,4
2024-01-08 03:55:54,946.28603,946.38066,4
2024-01-08 03:56:00,946.40708,946.50173,3
2024-01-08 03:56:06,946.4829,946.57756,1
2024-01-08 03:56:12,946.29467,946.3893,6
2024-01-08 03:56:18,946.41618,946.51083,5
2024-01-08 03:56:24,946.46624,946.56089,9
2024-01-08 03:56:30,946.41274,946.50739,5
2024-01-08 03:56:36,946.37531,946.46995,2
2024-01-08 03:56:42,946.27652,946.37116,3
2024-01-08 03:56:48,946.39178,946.48642,5
2024-01-08 03:56:54,946.4445,946.53915,6
2024-01-08 03:57:00,946.43949,946.53413,6
2024-01-08 03:57:06,946.46388,946.55853,2
2024-01-08 03:57:12,946.34974,946.44438,8
2024-01-08 03:57:18,946.39503,946.48967,8
2024-01-08 03:57:24,946.36358,946.45822,3
2024-01-08 03:57:30,946.39602,946.49066,6
2024-01-08 03:57:36,946.31398,946.40861,6
2024-01-08 03:57:42,946.47211,946.56677,5
2024-01-08 03:57:48,946.33361,946.42824,2
2024-01-08 03:57:54,946.40192,946.49656,4
2024-01-08 03:58:00,946.3294,946.42404,3
2024-01-08 03:58:06,946.37628,946.47093,6
2024-01-08 03:58:12,946.341,946.43564,2
2024-01-08 03:58:18,946.33986,946.4345,9
2024-01-08 03:58:24,946.39198,946.48662,9
2024-01-08 03:58:30,946.3363,946.43094,8
2024-01-08 03:58:36,946.45345,946.5481,8
2024-01-08 03:58:42,946.33922,946.43386,3
2024-01-08 03:58:48,946.32309,946.41773,6
2024-01-08 03:58:54,946.33021,946.42485,2
2024-01-08 03:59:00,946.36693,946.46157,4
2024-01-08 03:59:06,946.42217,946.51681,3
